01,0004,12345,060321,0829,001,80,1,2/ 
02,12345,0004,1,060317,,CAD,/ 
03,10200123456,CAD,040,+000000000000,,,045,+000000000000,,/ 
16,409,000000000002500,V,060316,,,,RETURNED CHEQUE     /
16,409,000000000090000,V,060316,,,,RTN-UNKNOWN         / 
16,409,000000000000500,V,060316,,,,RTD CHQ SERVICE CHRG/ 
16,108,000000000203500,V,060316,,,,TFR 1020 0345678    / 
16,108,000000000002500,V,060316,,,,MACLEOD MALL        / 
16,108,000000000002500,V,060316,,,,MASCOUCHE QUE       / 
16,409,000000000020000,V,060316,,,,1000 ISLANDS MALL   / 
16,409,000000000090000,V,060316,,,,PENHORA MALL        / 
16,409,000000000002000,V,060316,,,,CAPILANO MALL       / 
16,409,000000000002500,V,060316,,,,GALERIES LA CAPITALE/ 
16,409,000000000001000,V,060316,,,,PLAZA ROCK FOREST   / 
49,+00000000000834000,000000014/ 
03,10200123456,CAD,040,+000000000000,,,045,+000000000000,,/ 
16,108,000000000011500,V,060317,,,,TFR 1020 0345678    /
16,108,000000000100000,V,060317,,,,MONTREAL            / 
16,409,000000000100000,V,060317,,,,GRANDFALL  NB       / 
16,409,000000000009000,V,060317,,,,HAMILTON  ON        / 
16,409,000000000002000,V,060317,,,,WOODSTOCK  NB       / 
16,409,000000000000500,V,060317,,,,GALERIES RICHELIEU  / 
49,+00000000000446000,000000009/ 
98,+00000000001280000,000000002,000000025/
02,12345,0004,2,999999,,CAD,/
03,10200123456,CAD,040,+000000000000,,,045,+000000000000,,/
16,409,000000000002500,N,999999,,,,RETURNED CHEQUE     /
16,409,000000000090000,N,999999,,,,RTN-UNKNOWN         /
16,409,000000000000500,N,999999,,,,RTD CHQ SERNICE CHRG/
16,108,000000000203500,N,999999,,,,TFR 1020 0345678    /
16,108,000000000002500,N,999999,,,,MACLEOD MALL        /
16,108,000000000002500,N,999999,,,,MASCOUCHE QUE       /
16,409,000000000020000,N,999999,,,,1000 ISLANDS MALL   /
16,409,000000000090000,N,999999,,,,PENHORA MALL        /
16,409,000000000002000,N,999999,,,,CAPILANO MALL       /
16,409,000000000002500,N,999999,,,,GALERIES LA CAPITALE/
16,409,000000000001000,N,060316,,,,PLAZA ROCK FOREST   /
49,+00000000000834000,000000014/
03,10200123456,CAD,040,+000000000000,,,045,+000000000000,,/
16,108,000000000011500,N,999999,,,,TFR 1020 0345678    /
16,108,000000000100000,N,999999,,,,MONTREAL            /
16,409,000000000100000,N,999999,,,,GRANDFALL  NB       /
16,409,000000000009000,N,999999,,,,HAMILTON  ON        /
16,409,000000000002000,N,999999,,,,WOODSTOCK  NB       /
16,409,000000000000500,V,999999,,,,GALERIES RICHELIEU  /
49,+00000000000446000,000000009/
98,+00000000001280000,000000002,000000025/
99,+00000000001280000,000000001,000000027/