01,061000052,061000052,180202,1005,1,80,09040,2/                                
02,003359983973,061000052,1,180201,1005,USD,/                                   
03,003359983973,USD,000,0000000000000,0000000,0/                                
16,475,000000037442,0,000007954357822,20010181,LILY SPECHLER                 /  
16,475,000000053174,0,000005992825847,20010239,CAROL FLAISHER                /  
16,475,000000009844,0,000006092020910,20010313,EDIGAN BOBE                   /  
16,475,000000054432,0,000006092024592,20010408,JOSEPH DAVID                  /  
16,475,000000005263,0,000005992086177,20010443,GRACE KWON                    /  
16,475,000000236697,0,000005992927173,20010458,HILLARY DERBY                 /  
16,475,000000031812,0,000006092483120,20010472,ERIC CALATAYUD                /  
16,475,000000029195,0,000006092483119,20010474,ERIC CALATAYUD                /  
16,475,000000160748,0,000008292053955,20010495,AIMEE ATHNOS                  /  
16,475,000000162059,0,000006092215885,20010497,JACOB MOON                    /  
16,475,000000028188,0,000005954887241,20010498,GREGORY SKEETER               /  
16,475,000000011215,0,000006092904514,20020272,JAY REDMOND                   /  
16,475,000000011214,0,000006092904513,20020438,JAY REDMOND                   /  
16,475,000000021734,0,000006092304537,20021138,EMILY GORDON                  /  
16,475,000000065851,0,000006092020496,20021382,SHAMAL D. DAVIS               /  
16,475,000000037177,0,000006092084293,20021949,FOREST FAGAN                  /  
16,475,000000004118,0,000007954108078,20022514,SARA-JO BANKS                 /  
16,475,000000002058,0,000008292050672,20022639,JEAMENN JULIEN                /  
16,475,000000138343,0,000004192000199,20022805,MIKE GORAL                    /  
16,475,000000138567,0,000004192000200,20022806,MIKE GORAL                    /  
16,475,000000138567,0,000004192000201,20022807,MIKE GORAL                    /  
16,475,000000138567,0,000004192000202,20022808,MIKE GORAL                    /  
16,475,000000016144,0,000008292059848,20022842,CHELSEA LEE SHEETS            /  
16,475,000000127831,0,000006092752636,20023161,SEAN O'GRADY                  /  
16,475,000000039706,0,000006092026879,20023238,SCOTT AHRENS                  /  
16,475,000000069683,0,000006092652833,20023361,ALAN HAGUE                    /  
16,475,000000033355,0,000007954038546,20023880,BRENDAN TONER                 /  
16,475,000000030481,0,000008292203715,20024058,RASHEEDA WINFIELD             /  
16,475,000000013745,0,000008292028598,20024697,LEYTON CASSIDY                /  
16,475,000000028305,0,000006092615820,20025246,COCHEMEA GASTELUM             /  
16,475,000000075911,0,000008292048139,20025279,CAMERON DINGWALL              /  
16,475,000000091420,0,000008292048150,20025280,CAMERON DINGWALL              /  
16,475,000000047715,0,000006092474982,20026065,NICK SHAKESPEARE              /  
16,475,000000067246,0,000007954315777,20026380,ALLISON C ESTRIN              /  
16,475,000000137455,0,000006092667106,20026623,CHRISTOPHER ZOU               /  
16,475,000000028365,0,000006092615821,20027387,COCHEMEA GASTELUM             /  
16,475,000000016648,0,000006092478791,20027432,JOSE R. MUNOZ                 /  
16,475,000000015850,0,000006092003924,20027694,KELLY HARAN                   /  
16,475,000000034000,0,000004192004461,20028621,DAY OFF REALNESS INC          /  
16,475,000000061049,0,000006092865111,20029550,GEORDIE SHEFFER               /  
16,475,000000333382,0,000006092656918,20029551,GEORDIE SHEFFER               /  
16,475,000000009235,0,000006092478822,20029748,JOHN CUSIMANO                 /  
16,475,000000015722,0,000005992295430,20030111,SREEDEVI SWAMINATHAN          /  
16,475,000000101379,0,000007954180093,20030358,JOSHUA SEREDAY                /  
16,475,000000010942,0,000006092871239,20030855,TUCKER JOHNSTON               /  
16,475,000000023711,0,000006092003923,20030909,KELLY HARAN                   /  
16,475,000000010274,0,000008292056277,20031079,JENISA JEBLEE                 /  
16,475,000000028567,0,000006092021978,20031123,GORDON SILVA                  /  
16,475,000000015971,0,000003754750511,20031365,KATHARINE MCMANUS             /  
16,475,000000116254,0,000000652404530,20031386,DAVID E. ADKINS               /  
16,475,000000065248,0,000006092650111,20031434,PAULA A. DION                 /  
16,475,000009513500,0,000006092843531,20031818,TRABAJANDO INC                /  
16,475,000000105994,0,000006092003716,20031821,VICTOR CHAN                   /  
16,475,000000016204,0,000008292059846,20031915,CHELSEA LEE SHEETS            /  
16,475,000000026101,0,000005992814582,20031929,AIDAN FARRAGHER               /  
16,475,000000167258,0,000006092020818,20031998,JOSEPH VICARI                 /  
16,475,000000063648,0,000006092024593,20032025,JOSEPH DAVID                  /  
16,475,000000030626,0,000008292059849,20032217,CHELSEA LEE SHEETS            /  
16,475,000000024615,0,000008292000810,20032250,TIMOTHY M QUINN               /  
16,475,000000018660,0,000006092025762,20032251,JEAN-YVES ROBITAILLE          /  
16,475,000000011115,0,000008292007601,20032277,BARBARA JO FIORINO            /  
16,475,000000150500,0,000005992931377,20032334,NOT YOU INC.                 /
16,475,000000100372,0,000006092900634,20032403,MICHAEL KENNETH CAREY         /  
16,475,000000007750,0,000007954034679,20032522,ALEXANDRA REID                /  
16,475,000000113464,0,000004192014801,20032534,DOUGLAS THURY                 /  
16,475,000000029278,0,000003754867692,20032549,DAMON BRYSON                  /  
16,475,000001076923,0,000004192004696,20032731,MICHAEL DE LUCA PRODUCTIONS IN/  
16,475,000000063164,0,000006092397726,20032781,MICHAEL HEITZENRATER          /  
16,475,000000070541,0,000006092471859,20033029,SAMANTHA ESPOSITO             /  
16,475,000000039706,0,000006092026878,20033126,SCOTT AHRENS                  /  
16,475,000000200000,0,000008292038818,20033139,ADICTIVO INC                  /  
16,475,000000267142,0,000008292038820,20033140,ADICTIVO INC                  /  
16,475,000000200000,0,000008292038819,20033141,ADICTIVO INC                  /  
16,475,000000089052,0,000008292061670,20033153,MELISSA BLALOCK               /  
16,475,000000047970,0,000007954206708,20033162,MATTHEW BUEHRER               /  
16,475,000000093488,0,000007954217417,20033163,MATTHEW BUEHRER               /  
16,475,000000016912,0,000007954217277,20033164,MATTHEW BUEHRER               /  
16,475,000000016912,0,000008292047971,20033171,STUART DAVIS                  /  
16,475,000000035815,0,000008292047970,20033172,STUART DAVIS                  /  
16,475,000000103312,0,000006092827665,20033178,TONY GARCIA                   /  
16,475,000000062683,0,000006092826419,20033179,ANIL GONNABATHULA             /  
16,475,000000225456,0,000007954114331,20033182,JEFF HARTMAN                  /  
16,475,000000136590,0,000007954126558,20033183,JEFF HARTMAN                  /  
16,475,000000078576,0,000008292046784,20033192,LEANNA LEE                    /  
16,475,000000387578,0,000008292068374,20033199,RYAN NGUYEN                   /  
16,475,000000226054,0,000006092797900,20033206,MAGGI POORMAN                 /  
16,475,000000271192,0,000006092783573,20033209,GEN QUINTANILLA               /  
16,475,000000290153,0,000006092783574,20033210,GEN QUINTANILLA               /  
16,475,000000222598,0,000006092783575,20033211,GEN QUINTANILLA               /  
16,475,000000178024,0,000003754686537,20033236,KIMBERLY VEGA                 /  
16,475,000000153777,0,000006092691837,20033237,DAVID WAINDELL                /  
16,475,000000048724,0,000008292048114,20033244,CAMERON DINGWALL              /  
16,475,000000017279,0,000006092742157,20033245,BRIAN JACKSON                 /  
16,475,000000047274,0,000007854913830,20033252,TIMOTHY R. TROTMAN            /  
16,475,000000143945,0,000006092844652,20033394,JAMES C. VAN RIPER            /  
16,475,000000014455,0,000006092897909,20033646,SEAN ANGLIN                   /  
16,475,000000015000,0,000008292192464,20033732,CLOUDY BRIGHT, INC.           /  
16,475,000000014796,0,000008292014238,20033811,NATHAN BARAGAS                /  
16,475,000000014796,0,000008292014237,20033812,MASON BARAJAS                 /  
16,475,000000033737,0,000008292000814,20033966,TIMOTHY M QUINN               /  
16,475,000000011115,0,000006092020216,20033996,MARINA KISEL                  /  
16,475,000000012677,0,000008292048570,20034001,MARION LEE MARGOLIS           /  
16,475,000000189874,0,000000554383763,20034169,RACHEL FOBES                  /  
16,475,000000231730,0,000000554383764,20034170,RACHEL FOBES                  /  
16,475,000000059278,0,000008292053033,20034177,AMANUEL IYASSU                /  
16,475,000000275408,0,000006092735614,20034430,ROXANNE SENESMAN              /  
16,475,000000112032,0,000005992842832,20034503,DUANE C. GORE                 /  
16,475,000000061892,0,000005992842833,20034504,DUANE C. GORE                 /  
16,475,000000204136,0,000005992842834,20034508,DUANE C. GORE                 /  
16,475,000000177780,0,000005992842835,20034509,DUANE C. GORE                 /  
16,475,000000022543,0,000008292053094,20034570,LUIS PENALOZA                 /  
16,475,000000175249,0,000006092579257,20034681,HELEN TERRY SYLVESTER         /  
16,475,000000066855,0,000007954065822,20034732,JENNIFER STIMPLE KAMEI        /  
16,475,000000050939,0,000008292011276,20035022,JUAN M. CILENTO               /  
16,475,000000209903,0,000006092667681,20035101,KRISTIN S. ROCKERMANN         /  
16,475,000000048293,0,000006092474977,20035185,NICK SHAKESPEARE              /  
16,475,000000110832,0,000007854935141,20035193,CHRISTOPHER FONDULAS          /  
16,475,000000066884,0,000008292076408,20035386,PHILIPPE LABEAU               /  
16,475,000000036945,0,000004192001935,20035522,GRETCHEN J. BERG              /  
16,475,000000260324,0,000004192003337,20035534,HANNAH BOS                    /  
16,475,000000238520,0,000004192003336,20035538,PAUL THUREEN                  /  
16,475,000000012606,0,000006092693497,20035697,JOHNNY RIVERA                 /  
16,475,000000177123,0,000008292071623,20035776,MICHAEL MORINI                /  
16,475,000000218822,0,000006092713154,20035972,CLAIRE M. SHANLEY             /  
16,475,000000246523,0,000008292004805,20036020,JAMES W. FINNERTY             /  
16,475,000000229070,0,000006092798200,20036073,MARINA COCKENBERG             /  
16,475,000000022349,0,000008292397433,20036232,LILLYBETH GONZALEZ            /  
16,475,000000043942,0,000008292199351,20036360,CHRISTINE VAN DRIE            /  
16,475,000000045787,0,000006092478792,20036714,JOSE R. MUNOZ                 /  
16,475,000000030579,0,000000554944257,20036777,CLAIRE HOLL                   /  
16,475,000000156308,0,000006092670388,20036793,MICHELLE FELLNER              /  
16,475,000000054364,0,000008292011102,20036916,CONOR LENIHAN                 /  
16,475,000000280386,0,000006092025582,20036937,KIRK DOUGLAS                  /  
16,475,000000035176,0,000005992887667,20037009,DAVID DAY                     /  
16,475,000000057128,0,000005992280366,20037016,TIMOTHY W. HELBIG             /  
16,475,000000164485,0,000008292196286,20037285,JUSTIN M. SCHNEIDER           /  
16,475,000000148386,0,000008292006589,20037413,ROSSANA RIZZO                 /  
16,475,000000367700,0,000004192001300,20037424,27 BLACKBIRDS                 /  
16,475,000000420600,0,000003654719832,20037458,SHIRLEY ROECA                 /  
16,475,000000092601,0,000008292000791,20037471,SILVIA CADMILEMA              /  
16,475,000004881900,0,000004192002976,20037672,SYRUP PICTURES, INC.          /  
16,475,000004881900,0,000004192002975,20037673,SYRUP PICTURES, INC.          /  
16,475,000000039980,0,000006092236105,20037745,DOMINIQUE LEFEVRE             /  
16,475,000000035723,0,000008292045359,20037754,MICHAELA SWENSEN              /  
16,475,000000044390,0,000006092613297,20037809,GARY J. DANIELS               /  
16,475,000000424141,0,000008292066173,20037888,JAMES G. NICKAS               /  
16,475,000000061682,0,000008292195500,20037913,CHARLES P GALLOGLY            /  
16,475,000000184852,0,000006092667661,20038034,DAVID WALLACE WHITEHURST      /  
16,475,000000007000,0,000006092553768,20038061,SELIM RAKIB                   /  
16,475,000001050000,0,000004192002090,20038477,SPLITLIP GULLY PRODUCTIONS    /  
16,475,000000624324,0,000008292199711,20038479,TEA SPORTS, INC.              /  
16,475,000000118568,0,000006092774485,20038564,STEPHEN CARNATHAN             /  
16,475,000000074793,0,000008292061896,20038579,ANTHONY RODRIGUEZ             /  
16,475,000000049814,0,000008292061898,20038580,ANTHONY RODRIGUEZ             /  
16,475,000000074852,0,000008292061897,20038581,ANTHONY RODRIGUEZ             /  
16,475,000000099803,0,000008292061895,20038582,ANTHONY RODRIGUEZ             /  
16,475,000000064640,0,000003754630123,20038669,JOSEPH SCIASCIA               /  
16,475,000000033693,0,000000652843038,20039009,CARLOS BAXTER                 /  
16,475,000000182762,0,000005992928110,20039257,MARY ATTAWAY                  /  
16,475,000000039730,0,000008292000789,20039299,WILSON RIVAS                  /  
16,475,000000015771,0,000008292014239,20039404,NATHAN BARAGAS                /  
16,475,000000015771,0,000008292014236,20039405,MASON BARAJAS                 /  
16,475,000000010694,0,000008292018792,20039409,CHRISTOPHER G ESTRADA         /  
16,475,000000010927,0,000005992928372,20039421,KAREN Y SMALL                 /  
16,475,000000033006,0,000008292055788,20039518,CANDACE MONAE SMITH           /  
16,475,000000024577,0,000006092713086,20039657,MICHAEL JARAHIAN              /  
16,475,000000031099,0,000008292059850,20039674,CHELSEA LEE SHEETS            /  
16,475,000000013815,0,000000554406875,20039685,CHARLES HART                  /  
16,475,000000013233,0,000008292067657,20039687,NIKHIL S JOGLEKAR             /  
16,475,000000013815,0,000008292196550,20039698,BENJAMIN ODURO                /  
16,475,000000013625,0,000005992814586,20039704,MIKAYLA SHERFY                /  
16,475,000000038007,0,000008292024271,20039718,JEFFREY R LERMAN              /  
16,475,000000035032,0,000008292000812,20039730,TIMOTHY M QUINN               /  
16,475,000000022904,0,000008292024279,20039743,JEFFREY R LERMAN              /  
16,475,000000021286,0,000008292000811,20039746,TIMOTHY M QUINN               /  
16,475,000000013399,0,000008292487958,20039765,JENNIFER LYNNE GEGAN          /  
16,475,000000012737,0,000008292048569,20039788,MARION LEE MARGOLIS           /  
16,475,000000050693,0,000005992057968,20039841,AUSTIN PORTER                 /  
16,475,000000017557,0,000000554816158,20039923,JUSTIN DARIES                 /  
16,475,000000018186,0,000006092459873,20040222,JOHN CALLAWAY                 /  
16,475,000000013225,0,000006092459872,20040223,JOHN CALLAWAY                 /  
16,475,000000115232,0,000008292000792,20040278,SILVIA CADMILEMA              /  
16,475,000000022882,0,000006092476010,20040279,SILVIA CADMILEMA              /  
16,475,000000032148,0,000008292011275,20040329,JUAN M. CILENTO               /  
16,475,000000235292,0,000005992262990,20040531,ROBERT CATES                  /  
16,475,000000050587,0,000008292057482,20040815,IRIS C. NIEVES                /  
16,475,000001350000,0,000008192865785,20040903,MOONEY AND SONS, INC.         /  
16,475,000001350000,0,000008192865783,20040904,ODBERT PRODUCTIONS, INC.      /  
16,475,000000390000,0,000008192865787,20040907,TEA SPORTS, INC.              /  
16,475,000000324746,0,000006092604652,20040912,HEIDI LYNN GARDNER            /  
16,475,000000070897,0,000008292044976,20041021,WILLIAM CARNEVALE             /  
16,475,000000044135,0,000008292045003,20041022,WILLIAM CARNEVALE             /  
16,475,000000068522,0,000006092368414,20041060,NICOLETTE HATZIDIMITRIOU      /  
16,475,000000043363,0,000006092368413,20041061,NICOLETTE HATZIDIMITRIOU      /  
16,475,000000160283,0,000008292056201,20041087,JOSEPH PERRON-KOZAR           /  
16,475,000000101669,0,000008292056078,20041088,JOSEPH PERRON-KOZAR           /  
16,475,000000068088,0,000005992350518,20041122,BRIDGET STINSON               /  
16,475,000000042828,0,000005992350520,20041123,BRIDGET STINSON               /  
16,475,000000047056,0,000008292057333,20041223,IRIS C. NIEVES                /  
16,475,000000046554,0,000006092804500,20041300,SELAH REEVE HOBBIE            /  
16,475,000000150028,0,000006092804209,20041302,SELAH REEVE HOBBIE            /  
16,475,000000163350,0,000004192003860,20041513,RECONCILIATOR INC             /  
16,475,000000090325,0,000006092774794,20041526,CHAD HESSLER                  /  
16,475,000000301005,0,000008292014955,20041536,KEVIN MAMBO                   /  
16,475,000000053815,0,000004192000244,20041789,CHRISTOPHER JAMES BAKER       /  
16,475,000000053890,0,000004192003855,20041790,JUANI FELIZ                   /  
16,475,000000053993,0,000004192003854,20041797,JUANI FELIZ                   /  
16,475,000000053981,0,000008292061064,20041807,TOM WHITE                     /  
16,475,000000042919,0,000008292046005,20041829,MATILDE R. AGUIRRE            /  
16,475,000000063721,0,000008292030686,20042091,CHRISEILEEN GARCIA            /  
16,475,000000026892,0,000008292030685,20042092,CHRISEILEEN GARCIA            /  
16,475,000000009000,0,000008292030149,20042145,KIMBERLEY KIRKPATRICK         /  
16,475,000000112667,0,000008292030148,20042146,KIMBERLEY KIRKPATRICK         /  
16,475,000000032131,0,000006092701403,20042153,AMY KREBSBACH                 /  
16,475,000000006000,0,000006092092159,20042242,JAMI ROSS                     /  
16,475,000000068681,0,000006092092158,20042243,JAMI ROSS                     /  
16,475,000000076636,0,000006092865110,20042263,GEORDIE SHEFFER               /  
16,475,000000416599,0,000006092656919,20042264,GEORDIE SHEFFER               /  
16,475,000000032500,0,000005992057944,20042272,DONNA SPAHN-JONES             /  
16,475,000000282737,0,000005992057940,20042273,DONNA SPAHN-JONES             /  
16,475,000000029874,0,000007954038560,20042508,BRENDAN TONER                 /  
16,475,000000089406,0,000004192000113,20042603,MADDIE CORMAN                 /  
16,475,000000122203,0,000004192000114,20042604,MADDIE CORMAN                 /  
16,475,000000221547,0,000003754071282,20042610,MIKE PNIEWSKI                 /  
16,475,000001658475,0,000004192000679,20042627,HANOVER FILMS INC.            /  
16,475,000000012800,0,000003754867689,20042640,DAMON BRYSON                  /  
16,475,000000012800,0,000006092025584,20042641,KIRK DOUGLAS                  /  
16,475,000000013760,0,000005992359530,20042644,JAMES POYSER                  /  
16,475,000000166341,0,000006092020338,20042995,AMBER PRIMM                   /  
16,475,000000531719,0,000000652807648,20043026,CHRIS HAYDEN                  /  
16,475,000000004908,0,000008292057749,20043145,LANCE LUCKEY                  /  
16,475,000000015115,0,000006092472326,20043384,CLAUDE JAY JONES              /  
16,475,000000019070,0,000005992295429,20043407,SREEDEVI SWAMINATHAN          /  
16,475,000000015112,0,000006092472327,20043437,CLAUDE JAY JONES              /  
16,475,000000015111,0,000006092472325,20043485,CLAUDE JAY JONES              /  
16,475,000000010868,0,000006092459753,20043522,YELENA LOBACHEVA              /  
16,475,000000011268,0,000006092571072,20043547,SALVATORE GRACI               /  
16,475,000001040250,0,000004192004467,20043590,FANTASTIC WOW, INC.           /  
16,475,000000087730,0,000006092774796,20043603,CHAD HESSLER                  /  
16,475,000000069980,0,000000554151588,20043648,ZACHARY HAWLEY                /  
16,475,000000173645,0,000008292053827,20043720,IBRAHIM N RENNO               /  
16,475,000000014648,0,000005992295016,20043894,JAMES BLAKE CARRINGTON        /  
16,475,000000028581,0,000006092368770,20043916,BIANCA BLOOM-CASTNER          /  
16,475,000000014988,0,000006092713127,20044001,AMY K EVANS                   /  
16,475,000000022602,0,000006092236199,20044159,ADAM AUSLANDER                /  
16,475,000000021451,0,000008292024272,20044175,JEFFREY R LERMAN              /  
16,475,000000030105,0,000000554722468,20044613,ISABEL FARRINGTON             /  
16,475,000000015855,0,000006092019831,20044624,CHEMDIYA REED                 /  
16,475,000000191590,0,000006092074714,20044661,MARY DI CICCO                 /  
16,475,000000035983,0,000008292075768,20044670,CALEB BENTKE                  /  
16,475,000000051852,0,000006092650112,20044738,PAULA A. DION                 /  
16,475,000000033118,0,000000554723860,20044766,ROGER MARBURY                 /  
16,475,000000124560,0,000000652404532,20044812,DAVID E. ADKINS               /  
16,475,000000692383,0,000004192003329,20044836,KEITH P. CUNNINGHAM           /  
16,475,000000319428,0,000006092761759,20045011,ALLAN EDWARDS                 /  
16,475,000000247390,0,000008292011618,20045023,DOMINIQUE SMITH               /  
16,475,000000035587,0,000006092295908,20045151,DEVYN PRODUCTIONS, INC        /  
16,475,000000835820,0,000006092295909,20045152,DEVYN PRODUCTIONS, INC        /  
16,475,000000118185,0,000006092020813,20045261,KIMBERLEE VENABLE             /  
16,475,000000038654,0,000006092809959,20045350,RODNEY COFIELD                /  
16,475,000000054741,0,000006092024770,20045358,DANIEL MASTERS                /  
16,475,000000125678,0,000008292030451,20045418,TARIN KENNEDY                 /  
16,475,000000040459,0,000004192005020,20045437,GIO J. SOLCO                  /  
16,475,000000040594,0,000004192005021,20045438,GIO J. SOLCO                  /  
16,475,000000040637,0,000004192005022,20045439,GIO J. SOLCO                  /  
16,475,000000018104,0,000008292053993,20045452,KEVIN HERBST                  /  
16,475,000000021248,0,000006092672233,20045465,CASSANDRA PALACIO             /  
16,475,000000017594,0,000008292080274,20045490,PAOLO A GILARDI               /  
16,475,000000015112,0,000006092472328,20045494,CLAUDE JAY JONES              /  
16,475,000000013041,0,000006092716262,20045500,SCOTT ROBERT MICCA            /  
16,475,000000009426,0,000006092110929,20045518,CLYDE K MIDDLETON             /  
16,475,000000014390,0,000008292044511,20045539,DAVID ALLEN ASENCIO           /  
16,475,000000023021,0,000008292044510,20045554,DAVID ALLEN ASENCIO           /  
16,475,000000442440,0,000008292189824,20045573,AMALGAM FILMS, INC.           /  
16,475,000000062000,0,000006092804646,20045639,PLUMP BUMBLEBEE, INC.         /  
16,475,000000028712,0,000006092897898,20045645,SEAN ANGLIN                   /  
16,475,000000022643,0,000008292418585,20045653,ISABEL A CAPELLAIN            /  
16,475,000000018794,0,000006092472823,20045748,CHRISTOPHER HARDWICK          /  
16,475,000000034773,0,000008292024276,20045786,JEFFREY R LERMAN              /  
16,475,000000015623,0,000006092704099,20045849,MATTHEW R LOVELY              /  
16,475,000000001849,0,000006092704101,20045868,MATTHEW R LOVELY              /  
16,475,000000001849,0,000006092650244,20045872,KIMBERLY A MURPHY             /  
16,475,000000007910,0,000006092301462,20045907,BERNADETTE MACLEAN            /  
16,475,000000010010,0,000006092180283,20045926,JENNIFER BUBRISKI             /  
16,475,000000010228,0,000008292057018,20045969,KEVIN S SIME                  /  
16,475,000000070778,0,000008292197079,20045993,LORI PRINCE                   /  
16,475,000000021760,0,000008292189532,20046005,BIG TIME MONEY INC.,          /  
16,475,000000021760,0,000005992305890,20046016,COLIN D ELZIE                 /  
16,475,000000023680,0,000008292024389,20046022,JASMINE PIERCE                /  
16,475,000000023680,0,000008292044082,20046024,MAUREEN SMITH                 /  
16,475,000000045584,0,000000554607726,20046028,ZACK POITRAS                  /  
16,475,000000211360,0,000008292027773,20046047,CONK ATOMIC INC.              /  
16,475,000000020461,0,000000554963144,20046061,AMY B LENNOX                  /  
16,475,000000049003,0,000006092479560,20046098,SHERRY F STINGER              /  
16,475,000015980050,0,000004192002953,20046104,MIRONOFF, INC.                /  
16,475,000000022702,0,000005992295769,20046115,BRIAN T ANDERSON              /  
16,475,000002763542,0,000004192000670,20046197,RICKETY ROCKET INC            /  
16,475,000000500000,0,000004192003360,20046200,SURPRISE COUPLE INC           /  
16,475,000000500000,0,000004192003359,20046201,SURPRISE COUPLE INC           /  
16,475,000000746452,0,000004192003362,20046205,NCB PRODUCTIONS, INC.         /  
16,475,000000450015,0,000004192003361,20046206,NCB PRODUCTIONS, INC.         /  
16,475,000000047317,0,000006092666880,20046227,PATRICK BREEN                 /  
16,475,000000110031,0,000006092902864,20046241,DEBORAH LIPMAN                /  
16,475,000000015052,0,000006092713161,20046271,ALICE ELAINE HOLLOWAY         /  
16,475,000000038415,0,000008292046002,20046328,BENJAMIN BERGER               /  
16,475,000000048733,0,000006092471808,20046420,EDWARD P SCOPPA JR            /  
16,475,000000032074,0,000008292045834,20046428,JOHANNA WALDRON               /  
16,475,000000073465,0,000000554964854,20046492,KEDDINS ETIENNE               /  
16,475,000000388267,0,000008292044485,20046604,MATT BALZARINI                /  
16,475,000000281523,0,000008292039190,20046605,SHARI BESANCENEY              /  
16,475,000000094359,0,000006092766135,20046621,JOSHUA EHRLICH                /  
16,475,000000018029,0,000006092291549,20046635,MARC GIVEAND                  /  
16,475,000000176281,0,000006092471466,20046666,MICHAEL PARMELEE              /  
16,475,000000046039,0,000008292048573,20046690,JESSICA-ELI WEISS             /  
16,475,000000066854,0,000004192002008,20046707,COLLEEN SHARP                 /  
16,475,000000275796,0,000008292076271,20046708,JAMES A. STEWART              /  
16,475,000000085355,0,000007952436596,20046728,JEANETTE MORELAND             /  
16,475,000000053244,0,000007954403594,20046747,RANDOLPH CARTY                /  
16,475,000000132133,0,000004192000668,20046764,SHMELNIK, INC.                /  
16,475,000000015000,0,000008292192463,20046769,CLOUDY BRIGHT, INC.           /  
16,475,000000600000,0,000008292192462,20046770,CLOUDY BRIGHT, INC.           /  
16,475,000000459753,0,000004192002941,20046774,MARGOLIFE,INC.                /  
16,475,000000365980,0,000004192003369,20046778,TAYLOR A MARTIN               /  
16,475,000000249324,0,000004192003368,20046780,NOAH SCHECHTER                /  
16,475,000000052944,0,000007954393732,20046797,FRANCESCA AIASSA              /  
16,475,000000065165,0,000006092397678,20046800,MICHAEL HEITZENRATER          /  
16,475,000000663100,0,000004192004371,20046807,RED SHOES PICTURES, INC       /  
16,475,000000663100,0,000004192004674,20046808,SOLID STATE PICTURES          /  
16,475,000000125357,0,000006092688294,20046822,MICHAEL KEY                   /  
16,475,000000073763,0,000006092586815,20046888,DAPHNE SABRE GAINES           /  
16,475,000000240709,0,000008292080373,20047058,TIMOTHY J. REILLY             /  
16,475,000000090720,0,000006092020405,20047148,WILLIAM KLAYER                /  
16,475,000000013471,0,000006092704100,20047219,MATTHEW R LOVELY              /  
16,475,000000013470,0,000006092650243,20047224,KIMBERLY A MURPHY             /  
16,475,000000571475,0,000006092712397,20047238,MELISSA GUNDLACH              /  
16,475,000000031621,0,000006092831937,20047252,LYDIA NIELSEN                 /  
16,475,000000067517,0,000006092606521,20047260,TYSON WHITNEY                 /  
16,475,000000018966,0,000000652521733,20047269,REGINALD BERNARDIN            /  
16,475,000000016424,0,000008292022481,20047277,JOSH GREENWOOD                /  
16,475,000000220594,0,000000554319787,20047326,ROBERT P. TETEN               /  
16,475,000000039361,0,000005992057766,20047331,F. SAM BURRELL                /  
16,475,000000037448,0,000008292011277,20047332,JUAN M. CILENTO               /  
16,475,000000037448,0,000006092565811,20047338,DOUGLAS LEHMAN                /  
16,475,000000035000,0,000004192004206,20047431,JENNIFER ROGIEN FALETTI       /  
16,475,000000202505,0,000004192004207,20047432,JENNIFER ROGIEN FALETTI       /  
16,475,000000030490,0,000008292049644,20047435,JEOVANNY CABRERA              /  
16,475,000000016648,0,000006092478793,20047447,JOSE R. MUNOZ                 /  
16,475,000000034258,0,000006092666224,20047455,NIKO BARBER                   /  
16,475,000000025000,0,000006092667168,20047462,JEREMY HILL                   /  
16,475,000000095244,0,000006092473313,20047464,THOMAS MARZULLI               /  
16,475,000000034427,0,000008292055807,20047465,SEAN MCCAGUE                  /  
16,475,000000717750,0,000000654027394,20047474,ON YOUR SIX PICTURES LTD.     /  
16,475,000000016725,0,000006092024591,20047478,JOSEPH DAVID                  /  
16,475,000000131647,0,000006092666485,20047489,GERARD H. PINEO               /  
16,475,000000121513,0,000000654080741,20047495,THOMAS TOMJACK JR             /  
16,475,000000019017,0,000008292197156,20047522,ALEXANDER AUGUSTYNIAK         /  
16,475,000000017361,0,000008292259317,20047523,GINA BERCEAU                  /  
16,475,000000045396,0,000008292046818,20047556,ERIC LOSCHEIDER               /  
16,475,000000047685,0,000006092368401,20047581,BEN STANDFORD                 /  
16,475,000000184233,0,000006092783664,20047623,WILLIAM N. MCCLEERY           /  
16,475,000000056990,0,000006092783665,20047624,WILLIAM N. MCCLEERY           /  
16,475,000000390915,0,000004192002948,20047657,BAZECRAZE, INC.               /  
16,475,000000759085,0,000004192002947,20047673,BAZECRAZE, INC.               /  
16,475,000000047000,0,000006092925761,20047690,JUNEBUG & DIANE PRODUCTIONS IN/  
16,475,000000086849,0,000007954306357,20047705,KRISTEN ROGERS                /  
16,475,000000052946,0,000006092025580,20047734,KIRK DOUGLAS                  /  
16,475,000000028004,0,000005992359528,20047736,JAMES POYSER                  /  
16,475,000000025175,0,000008292049773,20047779,KELLY WADE BROWN              /  
16,475,000000023400,0,000008292042534,20047781,KYOKO BRUGUERA                /  
16,475,000000024328,0,000008292042934,20047785,ABDUN HANAFI                  /  
16,475,000000026736,0,000006092805424,20047796,ALAN B MUETING                /  
16,475,000000021378,0,000006092367770,20047797,SHAUN MICHAEL MURPHY          /  
16,475,000000024763,0,000008292059869,20047803,MICHAEL J SUSKO               /  
16,475,000000024121,0,000005992295428,20047804,SREEDEVI SWAMINATHAN          /  
16,475,000000012748,0,000006092713111,20047816,LISA F HARRIS                 /  
16,475,000000013099,0,000007954262114,20047818,DINAH ROSE LASTER             /  
16,475,000000013788,0,000008292048012,20047836,CHARLES M YOUNG               /  
16,475,000000014120,0,000006092774184,20047845,DANA GURRIERI                 /  
16,475,000000013744,0,000000652519788,20047848,BRIAN KLINE                   /  
16,475,000000013166,0,000008292039065,20047853,JANE LEATHERS                 /  
16,475,000000011324,0,000008292007600,20047871,BARBARA JO FIORINO            /  
16,475,000000010635,0,000008292043244,20047877,LAGUNOVA MARINA               /  
16,475,000000011501,0,000006092648126,20047888,HENRY ROSADO                  /  
16,475,000000012722,0,000006092374170,20047906,JILLIAN RUTH BRADERMAN        /  
16,475,000000012472,0,000006092556725,20047915,YELENA LOBACHEVA              /  
16,475,000000012211,0,000008292074989,20047937,MICHAEL J GORDON              /  
16,475,000000012722,0,000008292076389,20047949,JACQUELYN K TEMPLE            /  
16,475,000000034269,0,000008292026426,20047957,RODNEY FEASTER                /  
16,475,000000029642,0,000006092664556,20047971,ANTHONY VENTOLA               /  
16,475,000000013614,0,000005992295018,20047976,JAMES BLAKE CARRINGTON        /  
16,475,000000014731,0,000008292059856,20047978,THOMAS L COLL                 /  
16,475,000000012996,0,000006092472824,20047986,CHRISTOPHER HARDWICK          /  
16,475,000000012462,0,000004192057462,20047987,TIFFANY J HIGHTOWER           /  
16,475,000000012936,0,000008292006319,20047990,AMELIE KENNEDY                /  
16,475,000000013692,0,000008292024278,20047992,JEFFREY R LERMAN              /  
16,475,000000024854,0,000007954028215,20048000,LORENA SANTANA                /  
16,475,000000012472,0,000006092313878,20048004,RULA SOTIROPOULOS             /  
16,475,000000015270,0,000007854977655,20048008,CAROLINE C KIEBACH            /  
16,475,000000016278,0,000008292059845,20048010,CHELSEA LEE SHEETS            /  
16,475,000000025561,0,000008292057244,20048015,NICHOLAS P JULIUS             /  
16,475,000000017560,0,000008292059847,20048018,CHELSEA LEE SHEETS            /  
16,475,000000015424,0,000008292057245,20048025,NICHOLAS P JULIUS             /  
16,475,000000018067,0,000008292059844,20048032,CHELSEA LEE SHEETS            /  
16,475,000000011268,0,000006092776895,20048045,LAELA G JOHNSON               /  
16,475,000000014746,0,000006092875146,20048073,GLENN PATRICK K AKIONA JR     /  
16,475,000000013581,0,000008292067658,20048089,NIKHIL S JOGLEKAR             /  
16,475,000000016336,0,000008292071598,20048090,ANNALISA KLEBERS              /  
16,475,000000012531,0,000006092004046,20048113,CHRISTOPHER DAWSON            /  
16,475,000000012204,0,000008292061716,20048115,HELA DZHYOIEV                 /  
16,475,000000013365,0,000007954046653,20048123,CLARIBEL ORTIZ ABREU          /  
16,475,000000011215,0,000006092804155,20048127,AMANDA JUDITH SARABIA         /  
16,475,000000011636,0,000006092482945,20048131,ARI W VEACH                   /  
16,475,000000037198,0,000008292009294,20048143,PAUL BROZEN                   /  
16,475,000000036431,0,000006092025927,20048146,ZEEV FARKASH                  /  
16,475,000000036049,0,000008292024270,20048150,JEFFREY R LERMAN              /  
16,475,000000033519,0,000006092687220,20048160,MARIE C STRATECHUK            /  
16,475,000000043716,0,000008292009295,20048172,PAUL BROZEN                   /  
16,475,000000031410,0,000006092004329,20048177,JOSHUA JONATHAN PAVLOFF       /  
16,475,000000017844,0,000006092471732,20048191,HEATHER ANN GORMAN            /  
16,475,000000024071,0,000008292024277,20048195,JEFFREY R LERMAN              /  
16,475,000000022168,0,000008292000813,20048202,TIMOTHY M QUINN               /  
16,475,000000022494,0,000006092687221,20048204,MARIE C STRATECHUK            /  
16,475,000000013316,0,000006092908888,20048213,MEGAN E BARKETT               /  
16,475,000000010635,0,000008292018783,20048216,ABARISS CULJAK                /  
16,475,000000011483,0,000008292200346,20048231,RANDY BARRIER                 /  
16,475,000000011483,0,000006092458525,20048237,KIMBERLY M CLARKE-MYNICK      /  
16,475,000000020987,0,000000554370916,20048290,CHRISTOPHER M STOKES          /  
16,475,000000022463,0,000008292044512,20048292,DAVID ALLEN ASENCIO           /  
16,475,000000018750,0,000008292045380,20048306,DAVID MAKMAN                  /  
16,475,000000025266,0,000008292024342,20048310,DANIEL OAKDEN                 /  
16,475,000000021846,0,000006092811129,20048315,ANDREA L RESICK               /  
16,475,000000019371,0,000006092315620,20048318,DAVID B SOSA                  /  
16,475,000000090605,0,000008292001967,20048380,KELLY ANN PETRUCCI            /  
16,475,000000061745,0,000004192004180,20048459,KEMAL HARRIS                  /  
16,475,000000206955,0,000004192004181,20048460,KEMAL HARRIS                  /  
16,475,000000269810,0,000006092776310,20048482,KENNETH J. CREBER             /  
16,475,000000113645,0,000003654845611,20048490,CHRISTIE GEORGE               /  
16,475,000000310490,0,000006092735615,20048519,ROXANNE SENESMAN              /  
16,475,000000081827,0,000008292004513,20048569,SARA J ALLOCCO                /  
16,475,000000016195,0,000000554944256,20048600,CLAIRE HOLL                   /  
16,475,000000038383,0,000008292003798,20048674,SHERI TERRY                   /  
16,475,000000007680,0,000003754867691,20048689,DAMON BRYSON                  /  
16,475,000000007680,0,000006092025583,20048690,KIRK DOUGLAS                  /  
16,475,000000008640,0,000005992359527,20048693,JAMES POYSER                  /  
16,475,000001400000,0,000004192002015,20048696,BRODY QUINT HOOPER, INC.      /  
16,475,000000191822,0,000006092713153,20048733,CLAIRE M. SHANLEY             /  
16,475,000000095600,0,000005992057988,20048737,JULNAR PRODUCTIONS, INC.      /  
16,475,000000073839,0,000006092586814,20048739,DAPHNE SABRE GAINES           /  
16,475,000000047558,0,000000652784965,20048794,DAVID DRISCOLL                /  
16,475,000000063524,0,000008292032388,20048865,CLAYTON BROWNE                /  
16,475,000000042049,0,000006092024885,20048874,DEREK GRIMALDI                /  
16,475,000000663100,0,000004192004104,20048898,HCC ENTERTAINMENT SOLUTIONS   /  
16,475,000000750000,0,000006092872111,20048946,BAS RUTTEN ENTERPRISES        /  
16,475,000001870000,0,000006092590409,20048954,NO LABEL ENTERTAINMENT, LLC.  /  
16,475,000003150000,0,000008292013713,20048956,TRUSTY FIVE WOOD INC          /  
16,475,000000209902,0,000006092667682,20048998,KRISTIN S. ROCKERMANN         /  
16,475,000000370768,0,000004192003931,20049054,MARK RICKER                   /  
16,475,000000015000,0,000006092704004,20049099,TOM N FIRESTONE               /  
16,475,000000238089,0,000006092704005,20049100,TOM N FIRESTONE               /  
16,475,000000103016,0,000004192197325,20049134,ELIZABETH J. CAVANAGH         /  
16,475,000000048386,0,000008292011105,20049148,CONOR LENIHAN                 /  
16,475,000000016713,0,000008292011100,20049149,CONOR LENIHAN                 /  
16,475,000000032472,0,000008292489212,20049151,TRISTAN MARSHALL              /  
16,475,000000098397,0,000008292056147,20049155,STACY MIZE                    /  
16,475,000000067501,0,000007952428320,20049164,SEAN SMITH                    /  
16,475,000000076448,0,000008292062581,20049196,RACHAEL BENJAMIN              /  
16,475,000000074881,0,000008292024384,20049210,ARI NAGAR                     /  
16,475,000000114513,0,000006092579258,20049229,HELEN TERRY SYLVESTER         /  
16,475,000000079777,0,000007954360271,20049235,SHAWN CHUNG                   /  
16,475,000000072265,0,000008292061558,20049243,DANIEL KRAUSE                 /  
16,475,000000176051,0,000006092708671,20049297,ANTHONY ROBERTS               /  
16,475,000000008193,0,000003754560140,20049334,GLEN CANTALUPO                /  
16,475,000000104117,0,000008292024832,20049384,GORDON MILES                  /  
16,475,000000006885,0,000008292024833,20049385,GORDON MILES                  /  
16,475,000000145784,0,000006092844653,20049413,JAMES C. VAN RIPER            /  
16,475,000000136935,0,000006092844655,20049414,JAMES C. VAN RIPER            /  
16,475,000000097340,0,000006092844654,20049415,JAMES C. VAN RIPER            /  
16,475,000000032866,0,000006092844656,20049416,JAMES C. VAN RIPER            /  
16,475,000000156305,0,000006092670384,20049434,MICHELLE FELLNER              /  
16,475,000000145998,0,000005992931640,20049458,BETH ANNE BOWLING             /  
16,475,000000002500,0,000005992931639,20049459,BETH ANNE BOWLING             /  
16,475,000000074436,0,000006092235915,20049463,JOSEPHINE RODRIGUEZ           /  
16,475,000000259887,0,000004192004331,20049511,ANDREW GROVES                 /  
16,475,000000159400,0,000008292053089,20049553,FELIX CALLE                   /  
16,475,000000060903,0,000008292006588,20049628,ROSSANA RIZZO                 /  
16,475,000000216027,0,000007954160565,20049682,DEVIN RICH                    /  
16,475,000000216028,0,000007954267394,20049683,DEVIN RICH                    /  
16,475,000001076923,0,000004192004697,20049691,MICHAEL DE LUCA PRODUCTIONS IN/  
16,475,000000054289,0,000006092020894,20049727,PAUL P CHRISTY JR             /  
16,475,000000022900,0,000006092020897,20049728,PAUL P CHRISTY JR             /  
16,475,000000005000,0,000008292189833,20049777,KATHLEEN E. KEARNEY           /  
16,475,000000246605,0,000008292189831,20049778,KATHLEEN E. KEARNEY           /  
16,475,000000014000,0,000005992057939,20049806,CYNTHIA O'ROURKE              /  
16,475,000000169356,0,000005992057935,20049807,CYNTHIA O'ROURKE              /  
16,475,000000221434,0,000006092471863,20049819,VANESSA HESHIMA SIMS          /  
16,475,000000128138,0,000008292077962,20049830,STEPHANIE A. WISE             /  
16,475,000000128196,0,000008292077964,20049831,STEPHANIE A. WISE             /  
16,475,000000128198,0,000008292077963,20049832,STEPHANIE A. WISE             /  
16,475,000000036407,0,000005992798744,20049849,CHRISTOPHER LUIZZI            /  
16,475,000000039867,0,000006092459446,20049852,JAMES MCDONAGH                /  
16,475,000000149393,0,000006092666483,20049861,GABRIELLE PINEO               /  
16,475,000000100000,0,000006092666482,20049862,GERARD H. PINEO               /  
16,475,000000044372,0,000006092384277,20049894,FRANKLIN BURGER               /  
16,475,000000262195,0,000008292048923,20050047,CHRISTOPHER MINARD            /  
16,475,000000121039,0,000000554687435,20050068,JHONNY M. FERMIN              /  
16,475,000000034467,0,000007954200975,20050069,AVRA FOX-LERNER               /  
16,475,000000048092,0,000005992928270,20050079,KEVIN MCCLEAN                 /  
16,475,000000024000,0,000006092019887,20050094,PATRICK D. WADE               /  
16,475,000000124729,0,000006092019886,20050095,PATRICK D. WADE               /  
16,475,000000225577,0,000004192004186,20050098,JOSEPH KRINGS                 /  
16,475,000000090684,0,000008292049641,20050107,MICHELLE DONNELLY             /  
16,475,000000135788,0,000006092693492,20050141,GLENN E. GORDON               /  
16,475,000000036909,0,000008292018775,20050142,CHRISTOPHER GREGOREK          /  
16,475,000000085251,0,000007954046703,20050164,ATHENA PARELLA                /  
16,475,000000018370,0,000007954046647,20050165,ATHENA PARELLA                /  
16,475,000000080615,0,000006092215388,20050267,LUCAS ANKNEY                  /  
16,475,000000149367,0,000006092472505,20050329,CHRIS RIBEIRO                 /  
16,475,000000010000,0,000007854848425,20050363,MARTINA MELENDEZ              /  
16,475,000000529640,0,000004192000232,20050377,DOV TIEFENBACH                /  
16,475,000002510869,0,000004192002972,20050382,NEED NOT APPLY PRODS INC      /  
16,475,000000043028,0,000008292037714,20050404,JULIE MARR                    /  
16,475,000000072732,0,000005992295751,20050442,JOHN E. DWYER                 /  
16,475,000000051109,0,000008292035464,20050451,ROBERT IZZO                   /  
16,475,000000305042,0,000004192058802,20050453,LORI JOHNSON-GUIRARD          /  
16,475,000000082266,0,000006092884948,20050456,DAVID LEVINE                  /  
16,475,000000037308,0,000008292045934,20050464,PETER PROSTOWICH              /  
16,475,000000074565,0,000003754672735,20050551,THEODORE R. JOHNSON           /  
16,475,000000025994,0,000003754672734,20050552,THEODORE R. JOHNSON           /  
16,475,000000195020,0,000004192004202,20050622,MELISSA TOTH                  /  
16,475,000000046052,0,000004192004201,20050623,MELISSA TOTH                  /  
16,475,000000258849,0,000007954403624,20050651,RANDOLPH CARTY                /  
16,475,000000098388,0,000008292003178,20050663,LIONEL MARKS                  /  
16,475,000000088376,0,000008292055808,20050667,SEAN MCCAGUE                  /  
16,475,000000147726,0,000006092478021,20050681,JAMES TEMME                   /  
16,475,000000187576,0,000008292007708,20050713,EDWARD R. STAEBLER            /  
16,475,000000012606,0,000006092321570,20050795,STEPHANIE PANICO              /  
16,475,000000046497,0,000008292189586,20050798,RAUL COLON                    /  
16,475,000000039986,0,000006092267067,20050800,SALLY A LAW                   /  
16,475,000000028853,0,000006092605615,20050826,DANIEL PETERSON               /  
16,475,000000068108,0,000008292025892,20050873,RYAN KUDLEK                   /  
16,475,000000037130,0,000006092472815,20050874,MARY ELLEN LOONIE             /  
16,475,000000038192,0,000006092672260,20050896,IAN CAMPBELL                  /  
16,475,000000050947,0,000008292395733,20050897,CHRISTOPHER S. COCHRAN        /  
16,475,000000017522,0,000008292197154,20050918,ALEXANDER AUGUSTYNIAK         /  
16,475,000000027235,0,000008292197105,20050919,ALEXANDER AUGUSTYNIAK         /  
16,475,000000049451,0,000006092368701,20050933,ABIGAIL JACKSON               /  
16,475,000000028729,0,000006092368704,20050934,ABIGAIL JACKSON               /  
16,475,000000088462,0,000008292058459,20051060,MARY SACKETT                  /  
16,475,000000042937,0,000000554351798,20051076,DONNETTA WINFEIELD            /  
16,475,000000544500,0,000004192003859,20051088,RECONCILIATOR INC             /  
16,475,000000108900,0,000004192000243,20051090,STOOPBALL PRODUCTIONS, INC.   /  
16,475,000000164000,0,000008292001125,20051091,TREW FILMWORKS INC            /  
16,475,000000012500,0,000007954018164,20051097,JOSH CAMERON HASHMI           /  
16,475,000000078783,0,000007954018170,20051098,JOSH CAMERON HASHMI           /  
16,475,000000076779,0,000008292014952,20051102,KEVIN MAMBO                   /  
16,475,000000103474,0,000006092713171,20051106,TIMOTHY SEKK                  /  
16,475,000000057007,0,000006092291529,20051146,ANSIL D JOHNSON               /  
16,475,000000005000,0,000007854987246,20051177,DEREK JAY GARLINGTON          /  
16,475,000000108389,0,000007854886988,20051178,DEREK JAY GARLINGTON          /  
16,475,000000135696,0,000006092370250,20051185,JEREMY WILLIAMSON             /  
16,475,000000845563,0,000004192002963,20051191,CATCH FIRE FILMS LLC          /  
16,475,000000970563,0,000004192002950,20051192,KUNA 36 INC                   /  
16,475,000000359912,0,000004192002944,20051194,JESSICA P BRICKMAN            /  
16,475,000000140655,0,000008292013132,20051270,JAMES SCHMIDT                 /  
16,475,000000026778,0,000008292013133,20051271,JAMES SCHMIDT                 /  
16,475,000000044624,0,000008292013131,20051272,JAMES SCHMIDT                 /  
16,475,000000007303,0,000008292013130,20051273,JAMES SCHMIDT                 /  
16,475,000000301693,0,000004192003930,20051316,FORD WHEELER                  /  
16,475,000000052057,0,000007854873125,20051428,NIKKI ROBBINS                 /  
16,475,000000039201,0,000007854992721,20051429,NIKKI ROBBINS                 /  
16,475,000000139121,0,000006092024273,20051528,SELIM RAKIB                   /  
16,475,000000018500,0,000006092553767,20051529,SELIM RAKIB                   /  
16,475,000000822657,0,000004192004614,20051533,BIG TIME MONEY INC.,          /  
16,475,000000287626,0,000004192004585,20051546,JONATHAN D ADLER              /  
16,475,000000229072,0,000006092798201,20051551,MARINA COCKENBERG             /  
16,475,000000231916,0,000005992305806,20051552,COLIN D ELZIE                 /  
16,475,000000229072,0,000004192002004,20051561,JASMINE PIERCE                /  
16,475,000000106476,0,000008292039290,20051563,DAVID A. GARCIA               /  
16,475,000000012945,0,000000554607725,20051597,ZACK POITRAS                  /  
16,475,000000020193,0,000006092713096,20051599,NICOLE C CORRIS               /  
16,475,000000015686,0,000000554370915,20051601,CHRISTOPHER M STOKES          /  
16,475,000000060603,0,000008292028818,20051639,AVRAHAM BERKOVITCH            /  
16,475,000000052341,0,000006092921839,20051653,AMANDA HARDING                /  
16,475,000000025724,0,000008292418367,20051655,BRANDON KNAPE                 /  
16,475,000000056486,0,000006092315617,20051667,PATRICK MCGRATH               /  
16,475,000000049328,0,000007954382350,20051669,FRED MEYER                    /  
16,475,000000038593,0,000006092471751,20051805,GIUSEPPE IACONO               /  
16,475,000000049954,0,000006092476011,20051822,SILVIA CADMILEMA              /  
16,475,000001688606,0,000004192003319,20051859,ELEVEN 11, INC.               /  
16,475,000001038664,0,000004192003320,20051860,ELEVEN 11, INC.               /  
16,475,000000657442,0,000004192003321,20051861,ELEVEN 11, INC.               /  
16,475,000000093268,0,000008292070182,20051890,ANGELE COOPER                 /  
16,475,000000052097,0,000004192055791,20051929,ROBERT A. CARDASCIA           /  
16,475,000000067864,0,000006092471516,20052030,NICOLE LYNCH                  /  
16,475,000000103595,0,000008292024206,20052064,NICHOLAS COKER                /  
16,475,000000093557,0,000008292399672,20052091,JAMES LOWRY                   /  
16,475,000000034234,0,000008292399612,20052092,JAMES LOWRY                   /  
16,475,000000049968,0,000006092474899,20052095,BETSY NAGLER                  /  
16,475,000000009074,0,000008292051455,20052138,PHOENIX JAMERICK HIGGINS      /  
16,475,000000045788,0,000006092477139,20052149,LEROY REID                    /  
16,475,000000026302,0,000006092766136,20052172,JOSHUA EHRLICH                /  
16,475,000000254215,0,000008292004804,20052174,JAMES W. FINNERTY             /  
16,475,000000175530,0,000000654146243,20052189,STEVE CALALANG                /  
16,475,000000077768,0,000006092569789,20052202,GREGORY J BAGLIA              /  
16,475,000000042554,0,000004192004722,20052206,STEPHEN RIDER                 /  
16,475,000000102630,0,000006092790969,20052265,JUNE MOON FILMS, INC          /  
16,475,000000102630,0,000004192004650,20052267,RJ FRIED WORLDWIDE, INC       /  
16,475,000000074977,0,000004192000247,20052273,ANNA EILINSFELD               /  
16,475,000000071939,0,000003654694004,20052434,CHAD SONENBERG                /  
16,475,000000076310,0,000004192002299,20052470,HARRIS PRODUCTIONS, INC       /  
16,475,000000030442,0,000003854345819,20052478,JESSICA JOY REYNOSO           /  
16,475,000000030442,0,000004192197008,20052483,JACOB A SCESNEY               /  
16,475,000000033897,0,000006092022812,20052492,CHRISTOPHER DONOHUE           /  
16,475,000000046556,0,000006092667171,20052542,MICHAEL M ETLINGER            /  
16,475,000000286206,0,000004192004210,20052599,DANIEL L. LAWSON              /  
16,475,000000030869,0,000007854833372,20052615,GABRIEL CRAWFORD              /  
16,475,000000038232,0,000008292078505,20052620,TESFAYE HAMANOT               /  
16,475,000000152346,0,000008292000793,20052649,SILVIA CADMILEMA              /  
16,475,000000020356,0,000000554833798,20052674,OWEN O'NEIL                   /  
16,475,000000120695,0,000007854906510,20052693,MKWORKS INC.                  /  
16,475,000000035379,0,000008292046004,20052711,MATILDE R. AGUIRRE            /  
16,475,000000063703,0,000006092459733,20052733,NAREN HENRY                   /  
16,475,000000255334,0,000004192004182,20052735,REBECCA HOFHERR               /  
16,475,000000156029,0,000007854895589,20052758,SABATINO SONNY REA            /  
16,475,000000059560,0,000005992933278,20052785,NICK MONTALBANO               /  
16,475,000000132567,0,000006092021898,20052807,SARAH CROFTS                  /  
16,475,000001402480,0,000004192004208,20052823,COLBYMAKINGDOLLARS, INC.      /  
16,475,000000281944,0,000006092483121,20052831,ERIC CALATAYUD                /  
16,475,000002211538,0,000004192004296,20052872,BEYOND FREEDOM & DIGNITY PRODS/  
16,475,000000716625,0,000004192004369,20052879,TOURMAKEADY PRODUCTION,INC    /  
16,475,000000225174,0,000003754867690,20052984,DAMON BRYSON                  /  
16,475,000000266854,0,000006092025581,20052985,KIRK DOUGLAS                  /  
16,475,000000289065,0,000005992359529,20052989,JAMES POYSER                  /  
16,475,000000160100,0,000004192002006,20053082,SOLUS INC.                    /  
16,475,000000051796,0,000006092783662,20053153,WILLIAM N. MCCLEERY           /  
16,475,000000026903,0,000006092783663,20053154,WILLIAM N. MCCLEERY           /  
16,475,000000344390,0,000004192004327,20053187,GARY LEVY                     /  
16,475,000000086490,0,000008292053070,20053238,JULIA MANNAIN                 /  
16,475,000000270618,0,000004192002025,20053244,TANIA BIJLANI                 /  
16,475,000000083267,0,000006092478116,20053280,SPENCER LASKY                 /  
16,475,000000187713,0,000006092471827,20053296,MARY PRLAIN                   /  
16,475,000000500000,0,000004192004516,20053322,HILL OF BEANS PRODUCTIONS, INC/  
16,475,000002007340,0,000004192004986,20053325,PARENTHETICAL PROD. INC.      /  
16,475,000001545655,0,000004192004731,20053339,25C PRODUCTIONS, INC.         /  
16,475,000000177562,0,000008292067822,20053342,MATIKI ANOFF                  /  
16,475,000000182722,0,000005992295395,20053360,ALEX QUARLES                  /  
16,475,000000021513,0,000006092020622,20053369,JAVIER TOLEDO                 /  
16,475,000000118524,0,000006092907250,20053381,DAVID KOHN                    /  
16,475,000000028517,0,000008292046401,20053389,JEFFREY K. JAMES JR.          /  
16,475,000000021122,0,000000554687436,20053496,JHONNY M. FERMIN              /  
16,475,000000080148,0,000008292013269,20053559,ANA BRETON                    /  
16,475,000000110510,0,000008292013259,20053560,ANA BRETON                    /  
16,475,000000136239,0,000006092479767,20053580,CHARLES CORCORAN              /  
16,475,000000092182,0,000008292054705,20053642,JOSHUA K. BLAKESLEE           /  
16,475,000000105024,0,000008292006657,20053674,NICOLAS GRAZIADEI             /  
16,475,000000122364,0,000006092570429,20053750,KENNETH FERDMAN               /  
16,475,000000051325,0,000000554942916,20053798,SEAN ROACH                    /  
16,475,000000051325,0,000008292488341,20053806,NICHOLAS TAFFURI              /  
16,475,000000046171,0,000000554464146,20053812,AMBER AUGONE                  /  
16,475,000000160819,0,000006092664069,20053827,YASEMIN ESMEK                 /  
16,475,000000158130,0,000006092482786,20053829,JEREMIAH FISHER               /  
16,475,000000227682,0,000006092770222,20053892,TAYLOR C. DRAKE               /  
16,475,000000252054,0,000008292051448,20053908,BRENT HAYWOOD                 /  
16,475,000000041565,0,000006092477187,20053942,SHERRYL SACHS                 /  
16,475,000000100181,0,000006092715987,20053978,JULIAN DELACRUZ               /  
16,475,000000040483,0,000006092022811,20053983,CHRISTOPHER DONOHUE           /  
16,475,000000036238,0,000008292074929,20053997,NICOLE GRIECO                 /  
16,475,000000074942,0,000006092020402,20054005,WILLIAM KLAYER                /  
16,475,000000127100,0,000006092587228,20054058,ANOZINE WALKER                /  
16,475,000000182761,0,000005992928109,20054066,MARY ATTAWAY                  /  
16,475,000000122123,0,000005992086174,20054080,GRACE KWON                    /  
16,475,000000072757,0,000008292041252,20054098,ZERABRUK CAVALARRO            /  
16,475,000000040823,0,000008292039062,20054103,VANESSA GAMBOA                /  
16,475,000000020647,0,000000652843037,20054127,CARLOS BAXTER                 /  
16,475,000000093261,0,000006092236018,20054145,SHAWNIQUA JENKINS             /  
16,475,000000053462,0,000003754696966,20054156,KAREEM OTTLEY                 /  
16,475,000000016618,0,000008292063600,20054185,ELIZABETH GRASSO              /  
16,475,000000013225,0,000008292063596,20054186,ELIZABETH GRASSO              /  
16,475,000000031060,0,000008292063603,20054187,ELIZABETH GRASSO              /  
16,475,000000017972,0,000008292041581,20054214,DEREKA PASTURES               /  
16,475,000000016756,0,000006092775796,20054220,HANNAH PIERSON                /  
16,475,000000013617,0,000006092775802,20054221,HANNAH PIERSON                /  
16,475,000000016952,0,000008292024398,20054255,DANIEL OAKDEN                 /  
16,475,000000013647,0,000006092459658,20054258,GRACIELA MARYBELL ORTIZ       /  
16,475,000000014332,0,000006092482983,20054262,REHAN AHMED TAQI              /  
16,475,000000033102,0,000008292046814,20054265,RONALD A WHITE                /  
16,475,000000016190,0,000006092471842,20054267,LAURIE YU                     /  
16,475,000000010635,0,000006092797146,20054276,DARIAN A PEER                 /  
16,475,000000010869,0,000005992928373,20054278,KAREN Y SMALL                 /  
16,475,000000079593,0,000003754267116,20054288,JOSEPH JOHN DEBONA            /  
16,475,000000015317,0,000008292007657,20054307,ALEXANDRA ROSARIO             /  
16,475,000000035809,0,000006092713177,20054309,CHARLES EDWARD WATERS II      /  
16,475,000000012227,0,000005992928285,20054320,TANYA CHATTMAN                /  
16,475,000000011937,0,000006092769124,20054321,CHRISTINA DUCHATELIER         /  
16,475,000000012387,0,000006092651212,20054332,MARYELLEN MOLFETTA            /  
16,475,000000013041,0,000008292053065,20054356,FAITH LOGAN                   /  
16,475,000000015242,0,000006092368769,20054370,BIANCA BLOOM-CASTNER          /  
16,475,000000024453,0,000006092459657,20054411,GRACIELA MARYBELL ORTIZ       /  
16,475,000000022027,0,000005992929573,20054434,CHRISTOPHER M POLITO          /  
16,475,000000025843,0,000006092672280,20054442,JASON DECESARE                /  
16,475,000000027391,0,000007954179597,20054452,LUIS A ROSARIO                /  
16,475,000000013785,0,000008292059868,20054474,MICHAEL J SUSKO               /  
16,475,000000010635,0,000006092236219,20054478,DEBORAH DIAZ                  /  
16,475,000000010635,0,000008292403016,20054481,SIDNEY FORTNER                /  
16,475,000000012523,0,000006092020098,20054497,JOSEPH BONNICK                /  
16,475,000000012418,0,000007854859082,20054507,AQILA C LODAI-BECKFORD        /  
16,475,000000029016,0,000006092020328,20054521,CHRIS HAYES                   /  
16,475,000000019141,0,000006092664558,20054534,ANTHONY VENTOLA               /  
16,475,000000016592,0,000008292059851,20054541,CHELSEA LEE SHEETS            /  
16,475,000000025899,0,000007854833280,20054543,JAIME DANIEL HALL             /  
16,475,000000011111,0,000008292061719,20054575,HELA DZHYOIEV                 /  
16,475,000000011051,0,000008292200447,20054581,BEAU PEARSON                  /  
16,475,000000012956,0,000006092305255,20054588,LARRY COLON                   /  
16,475,000000015062,0,000008292044287,20054598,PHILLIP JOHNSON               /  
16,475,000000038821,0,000005992889101,20054606,IGNACIO NAUDON                /  
16,475,000000012996,0,000003754404258,20054608,NKEMDI OPUTA                  /  
16,475,000000000369,0,000006092020427,20054634,KIM DELISE                    /  
16,475,000011815800,0,000004192004471,20054657,LIGHTNING CREEK INC.          /  
16,475,000012424821,0,000004192002615,20054659,MIRZA, INC.                   /  
16,475,000000205936,0,000006092890791,20054665,PETER J GABB                  /  
16,475,000000085107,0,000003754589267,20054667,KENNETH ISRAEL                /  
16,475,000000249670,0,000005992246760,20054671,RODOLFO VALLELONGA            /  
16,475,000000035163,0,000008292003749,20054688,WILLIAM BAMMAN                /  
16,475,000000003000,0,000008292197217,20054694,BLYTHE BICKHAM                /  
16,475,000000032584,0,000008292197095,20054695,BLYTHE BICKHAM                /  
16,475,000000049694,0,000008292003620,20054707,DAVID BULLARD                 /  
16,475,000000061309,0,000006092592121,20054738,TARRA DAY                     /  
16,475,000000044922,0,000005992305871,20054759,DANA M EMBREE                 /  
16,475,000000049250,0,000006092688899,20054761,ISAAC J FENTER                /  
16,475,000000009235,0,000006092688898,20054762,ISAAC J FENTER                /  
16,475,000000054410,0,000006092688900,20054763,ISAAC J FENTER                /  
16,475,000000052496,0,000005992247682,20054782,JOCELYN GLANZMAN              /  
16,475,000000003000,0,000008292192075,20054784,SCOTT GOLDIE                  /  
16,475,000000124175,0,000008292192063,20054785,SCOTT GOLDIE                  /  
16,475,000000114802,0,000006092307784,20054786,RONALD J GORLESKI             /  
16,475,000000135849,0,000008292403976,20054855,CECILIA M MCMANUS             /  
16,475,000000004000,0,000006092557126,20054860,ANNA METCALF                  /  
16,475,000000120777,0,000006092557125,20054861,ANNA METCALF                  /  
16,475,000000079823,0,000008292058516,20054879,JEFFERY NORRIS                /  
16,475,000000003000,0,000005992057987,20054892,LEAH M PETERSON               /  
16,475,000000109054,0,000005992057986,20054893,LEAH M PETERSON               /  
16,475,000000061309,0,000006092865108,20054924,GEORDIE SHEFFER               /  
16,475,000000403680,0,000006092656917,20054925,GEORDIE SHEFFER               /  
16,475,000000026000,0,000005992057934,20054932,DONNA SPAHN-JONES             /  
16,475,000000241656,0,000005992057937,20054933,DONNA SPAHN-JONES             /  
16,475,000000084690,0,000008292014184,20054975,DYLAN J WEAVER                /  
16,475,000000177296,0,000006092830869,20054989,MICHAEL WYNN                  /  
16,475,000000310872,0,000008292057701,20055001,RON BROWN                     /  
16,475,000000207722,0,000006092707329,20055095,CONNOR FITZGERALD             /  
16,475,000000202737,0,000008292065621,20055107,RICHARD MARINO                /  
16,475,000000166391,0,000006092475533,20055166,SONJA CIZMAZIA                /  
16,475,000000115787,0,000000554293280,20055196,DARWIN BROWNE                 /  
16,475,000000192383,0,000004192004334,20055201,CALE FINOT                    /  
16,475,000000151544,0,000004192004335,20055202,CALE FINOT                    /  
16,475,000000114745,0,000004192004336,20055203,CALE FINOT                    /  
16,475,000000219515,0,000004192004337,20055204,CALE FINOT                    /  
16,475,000000147637,0,000003754350961,20055265,EVERT MCCLELLAN               /  
16,475,000000215914,0,000006092795998,20055268,JOHN ERNIE MONTOYA            /  
16,475,000000414695,0,000006092715297,20055312,ALAN HOOK                     /  
16,475,000000081815,0,000006092709891,20055345,JARED MILLER                  /  
16,475,000000013807,0,000000554126371,20055367,SEAN L. WOODS                 /  
16,475,000001628000,0,000004192004938,20055376,ANDREW MENZIES PRODUCTION INC /  
16,475,000000052738,0,000006092684742,20055383,PAUL L KITCHEN JR             /  
16,475,000000018273,0,000006092684741,20055384,PAUL L KITCHEN JR             /  
16,475,000000115821,0,000006092089631,20055401,ARNOLD DENNIS                 /  
16,475,000001372392,0,000006092804645,20055469,PLUMP BUMBLEBEE, INC.         /  
16,475,000000816017,0,000006092804704,20055474,KEITH RAYWOOD LIMITED         /  
16,475,000000047568,0,000004192002010,20055482,SAMUEL LEVINE                 /  
16,475,000000096940,0,000006092384293,20055502,ROBERTO BAEZ                  /  
16,475,000000236953,0,000007854935109,20055506,ALEXANDRA EMMONS              /  
16,475,000000079514,0,000006092315078,20055522,ALEXANDRA RUTKAY              /  
16,475,000000120563,0,000007954360559,20055524,JONATHAN SHARPLESS            /  
16,475,000000098238,0,000008292197125,20055532,NATALIE YOUNG                 /  
16,475,000000037164,0,000000554761592,20055555,KENNETH R. SALTER             /  
16,475,000000008356,0,000006092481084,20055566,PAUL BASHOUR                  /  
16,475,000000002446,0,000006092465515,20055569,JOHN BOYLAN                   /  
16,475,000000004099,0,000004192004179,20055583,JENNIFER GERING               /  
16,475,000000004505,0,000006092474359,20055588,JASON D HOOPER                /  
16,475,000000065730,0,000006092003986,20055607,DEAN SHERRIFF                 /  
16,475,000000133004,0,000007954023250,20055634,PATRICK W CAMPBELL            /  
16,475,000000184465,0,000006092704263,20055647,ABIGAIL NEUHOFF               /  
16,475,000000038918,0,000003754339255,20055660,ROBERT CARMICHAEL             /  
16,475,000000311934,0,000006092020428,20055664,KIM DELISE                    /  
16,475,000000018128,0,000008292045774,20055677,MICHAELA SWENSEN              /  
16,475,000000180057,0,000006092507361,20055713,CORY BARTH                    /  
16,475,000000054235,0,000006092023268,20055743,GARY KOCHAKIAN                /  
16,475,000000086492,0,000005992930391,20055744,LAURENCE W. KOERNER           /  
16,475,000000021099,0,000007952406579,20055783,KYLE GINZBURG                 /  
16,475,000000020462,0,000007952463269,20055797,JOE KOZLOWSKI                 /  
16,475,000000320000,0,000008292062019,20055798,DOLL FACE PRODUCTIONS, LLC.   /  
16,475,000000096851,0,000006092584028,20055826,EMILY STEIKER-EPSTEIN         /  
16,475,000000097368,0,000006092865942,20055839,ALEXANDRIA PALMORE            /  
16,475,000000079881,0,000006092477406,20055852,MICHAEL NILGITSALANANT        /  
16,475,000000209183,0,000008292048066,20055899,NICHOLAS KODA                 /  
16,475,000000005000,0,000003754339258,20055971,ROBERT CARMICHAEL             /  
16,475,000000346096,0,000004192004442,20056011,MARIAN M. TOY                 /  
16,475,000000035328,0,000006092605652,20056075,BRIAN MAHON                   /  
16,475,000000024941,0,000008292003786,20056077,GERARD MCMORROW               /  
16,475,000000022580,0,000006092565810,20056116,DOUGLAS LEHMAN                /  
16,475,000000490679,0,000004192003709,20056133,BRETT GRAY                    /  
16,475,000000478386,0,000006092713172,20056138,PERNELL WALKER                /  
16,475,000000081140,0,000005992248394,20056149,RYAN DEROSA                   /  
16,475,000000118113,0,000007954183601,20056191,VICTORYA NEUMANN              /  
16,475,000000041620,0,000008292050874,20056286,JESSE PENALO                  /  
16,475,000000015282,0,000006092458363,20056296,CARLOS ROSARIO                /  
16,475,000000038148,0,000005992929990,20056303,PAUL DEORIO                   /  
16,475,000000099953,0,000006092593537,20056319,KENNETH SPERLING              /  
16,475,000000286771,0,000006092472202,20056329,NICOLE FEDER                  /  
16,475,000000067682,0,000008292062136,20056430,MARIA LLIGUICOTA              /  
16,475,000000067591,0,000008292000790,20056434,WILSON RIVAS                  /  
16,475,000000086092,0,000004192000959,20056442,STEVE C. AARON                /  
16,475,000000143454,0,000004192000960,20056443,STEVE C. AARON                /  
16,475,000000170325,0,000008292067005,20056469,GEOFFREY DANN                 /  
16,475,000000142593,0,000006092083011,20056484,MAXWELL T GREGG               /  
16,475,000000259339,0,000000554340621,20056485,MEGAN GUSTAFSON               /  
16,475,000000195864,0,000006092856146,20056492,MARK HAVA                     /  
16,475,000000362649,0,000006092548806,20056501,RICHARD JACOBS                /  
16,475,000000035045,0,000006092847618,20056532,ADRIENNE D MORSE              /  
16,475,000000085798,0,000008292053027,20056543,ASHLEIGH PHAGAN               /  
16,475,000000225434,0,000000554374788,20056557,ROBERT RUSSELL                /  
16,475,000000169482,0,000006092596136,20056566,LORI THOMPSON                 /  
16,475,000000241684,0,000006092324019,20056580,JULIE ROBINSON-LYMAN          /  
16,475,000000128222,0,000006092656140,20056583,MICHAEL J. ZAVALKO            /  
16,475,000000331550,0,000004192004528,20056606,CUBAN MISSILE INC.            /  
16,475,000000331550,0,000004192004522,20056607,CUBAN MISSILE INC.            /  
16,475,000000331550,0,000004192004523,20056608,CUBAN MISSILE INC.            /  
16,475,000000331550,0,000004192004524,20056609,CUBAN MISSILE INC.            /  
16,475,000000331550,0,000004192004525,20056610,CUBAN MISSILE INC.            /  
16,475,000000331550,0,000004192004526,20056611,CUBAN MISSILE INC.            /  
16,475,000000331550,0,000004192004527,20056612,CUBAN MISSILE INC.            /  
16,475,000000331550,0,000004192004549,20056614,MISDIRECTION INC.             /  
16,475,000000331550,0,000004192004543,20056615,MISDIRECTION INC.             /  
16,475,000000331550,0,000004192004544,20056616,MISDIRECTION INC.             /  
16,475,000000331550,0,000004192004545,20056617,MISDIRECTION INC.             /  
16,475,000000331550,0,000004192004546,20056618,MISDIRECTION INC.             /  
16,475,000000331550,0,000004192004547,20056619,MISDIRECTION INC.             /  
16,475,000000331550,0,000004192004548,20056620,MISDIRECTION INC.             /  
16,475,000000045400,0,000005992934111,20056652,EDWARD SMITH                  /  
16,475,000000231468,0,000008292074041,20056670,KEVIN L. RAPER                /  
16,475,000000050538,0,000005992934339,20056684,SHAUN JOYE                    /  
16,475,000000030676,0,000006092667101,20056687,AUTUMN MORAN                  /  
16,475,000000104171,0,000003654571455,20056730,WILLIAM W FUENTES             /  
16,475,000000101319,0,000006092678295,20056767,CORY MCCRUM                   /  
16,475,000000119001,0,000006092875896,20056771,SARAH BACOT                   /  
16,475,000001575000,0,000004192003072,20056775,ARCELUS ENTERTAINMENT, INC    /  
16,475,000001627912,0,000004192004459,20056785,MONKEYTOWN PRESERVATION SOCIET/  
16,475,000000542638,0,000004192004460,20056786,MONKEYTOWN PRESERVATION SOCIET/  
16,475,000000207208,0,000004192003076,20056799,SALENA QURESHI                /  
16,475,000001767065,0,000004192004606,20056803,LOOK AT MY NEW BAG INC        /  
16,475,000001404255,0,000004192004633,20056809,MR. KNIFE PRODUCTIONS         /  
16,475,000001367525,0,000004192004597,20056810,NOLO PRODUCTIONS, INC.        /  
16,475,000000676545,0,000004192004611,20056811,ORNITHOPTER, INC.             /  
16,475,000000850000,0,000004192004361,20056813,WALKING CONTRADICTION INC     /  
16,475,000000015282,0,000006092459874,20056823,JOHN CALLAWAY                 /  
16,475,000000016256,0,000000554944255,20056831,CLAIRE HOLL                   /  
16,475,000000015282,0,000003754751994,20056845,PETER SAMMIS                  /  
16,475,000000161723,0,000008292196170,20056870,CHRISTINE OEURN               /  
16,475,000000008098,0,000008292196710,20056874,COREY ROBERTS                 /  
16,475,000000284500,0,000005992058078,20056892,BLOODWELL PICTURES INC.       /  
16,475,000000047346,0,000008292196353,20056897,MICHAEL DOYLE                 /  
16,475,000000105160,0,000004192003311,20056930,CARRIE PRODUCTIONS, INC.      /  
16,475,000000119416,0,000005992814709,20056931,CRISTINA BAUER                /  
16,475,000000006569,0,000005992814713,20056932,CRISTINA BAUER                /  
16,475,000000435000,0,000006092807491,20056974,PRESTIGE AERIALS INC.,        /  
16,475,000000137500,0,000006092807490,20056975,PRESTIGE AERIALS INC.,        /  
16,475,000000362250,0,000006092807489,20056976,PRESTIGE AERIALS INC.,        /  
16,475,000000040000,0,000006092807488,20056977,PRESTIGE AERIALS INC.,        /  
16,475,000000070684,0,000006092840572,20056988,ROSS CONKLIN                  /  
16,475,000001001760,0,000004192002925,20057026,ZEENO FILMS INTL INC.,        /  
16,475,000000045600,0,000008292057631,20057033,MONO GRANDE PRODUCTIONS,INC   /  
16,475,000000045600,0,000004192000309,20057034,RANDY & PAM'S QUALITY ENTERTAI/  
16,475,000000044176,0,000008292404191,20057043,MELONIE L. DANIELS-WALKER     /  
16,475,000000045519,0,000000554695507,20057044,GENEATHA DAUGHTRY-WRIGHT      /  
16,475,000001540000,0,000006092650580,20057083,BOB DUNPHY PRODUCTIONS,INC    /  
16,475,000000138150,0,000006092830283,20057086,JOEL FARBSTEIN                /  
16,475,000000429169,0,000006092918092,20057099,JESUS ALEJANDRO LUNA          /  
16,475,000000058648,0,000000554097408,20057105,JAY MAURER                    /  
16,475,000000062745,0,000000554097409,20057106,JAY MAURER                    /  
16,475,000000127959,0,000000554097407,20057107,JAY MAURER                    /  
16,475,000000028342,0,000005992263681,20057134,JILL JACLYN AUTRY             /  
16,475,000000087522,0,000006092888715,20057148,CARLOS VALDES-LORA            /  
16,475,000000044079,0,000006092888716,20057149,CARLOS VALDES-LORA            /  
16,475,000000053164,0,000000554740497,20057205,DARRELL FLOWERS               /  
16,475,000000500000,0,000004192002011,20057251,FACE DIVIDED PRODUCTIONS, INC /  
16,475,000000500000,0,000004192001987,20057253,FRECKLES INC.,                /  
16,475,000000017775,0,000005992295768,20057255,BRIAN T ANDERSON              /  
16,475,000000017775,0,000005992295770,20057256,BRIAN T ANDERSON              /  
16,475,000000062407,0,000008292010785,20057257,CHRISTOPHER P. BALZANO        /  
16,475,000000228605,0,000008292397551,20057262,JAIME D'AQUINO                /  
16,475,000000019199,0,000006092849028,20057269,VINCENT FERRARI               /  
16,475,000000045477,0,000006092003759,20057276,RICH HOXSEY                   /  
16,475,000000054401,0,000007854889705,20057295,CARLA MUNIZ                   /  
16,475,000000019198,0,000000554183734,20057306,MATTHEW SOMERSTEIN            /  
16,475,000000016653,0,000006092459465,20057307,RYAN L STATON                 /  
16,475,000000050684,0,000007954065818,20057308,JENNIFER STIMPLE KAMEI        /  
16,475,000000016653,0,000007854978474,20057314,ROBERT WILCOX-ROSE            /  
16,475,000000052972,0,000008292197069,20057316,NATALIE YOUNG                 /  
16,475,000000055336,0,000006092888714,20057337,CARLOS VALDES-LORA            /  
16,475,000000039626,0,000006092751982,20057411,PATRICK ISTORICO              /  
16,475,000000036619,0,000007854917431,20057417,JUSTYN MILLER                 /  
16,475,000000100000,0,000006092021100,20057426,STEFXMAKEUP, INC.             /  
16,475,000000078138,0,000005992057943,20057441,CYNTHIA O'ROURKE              /  
16,475,000000063208,0,000008292048572,20057448,JESSICA-ELI WEISS             /  
16,475,000000229883,0,000007952453909,20057450,RYAN WINSOR                   /  
16,475,000000510000,0,000004192004183,20057458,MATTEFFECTS, INC.             /  
16,475,000000590000,0,000004192004184,20057459,MATTEFFECTS, INC.             /  
16,475,000000010755,0,000006092175826,20057536,JASON MAYOH                   /  
16,475,000000060318,0,000006092020337,20057538,AMBER PRIMM                   /  
16,475,000000589643,0,000004192004436,20057542,IVAN J. FONSECA               /  
16,475,000000663100,0,000004192004294,20057559,D2D PRODUCTIONS INC.          /  
16,475,000000406800,0,000004192004686,20057560,FOX HOLLOW PRODUCTIONS        /  
16,475,000000663100,0,000004192004382,20057561,FURNACE BROOK PRODUCTION      /  
16,475,000000331550,0,000004192004681,20057562,JUNEBUG PRODUCTIONS, INC      /  
16,475,000000383450,0,000004192004682,20057563,JUNEBUG PRODUCTIONS, INC      /  
16,475,000000331550,0,000004192004383,20057565,TOP SHELF ENTERTAINMENT, INC  /  
16,475,000000383450,0,000004192004384,20057566,TOP SHELF ENTERTAINMENT, INC  /  
16,475,000000440352,0,000004192002985,20057567,TRAVIS DONNELLY               /  
16,475,000000736591,0,000004192002016,20057573,VINCENT A. MISIANO            /  
16,475,000005518500,0,000000554897996,20057584,MALCASTER INC                 /  
16,475,000000118185,0,000004192000234,20057588,ROSAL COLON-ROLON             /  
16,475,000000501533,0,000006092713170,20057597,GERARDO RODRIGUEZ             /  
16,475,000000087226,0,000006092649438,20057598,ALEXIS SUAREZ                 /  
16,475,000000107197,0,000004192000233,20057599,CLARKE S. THORELL             /  
16,475,000000540000,0,000007854940039,20057602,DEBRA REMSTEIN, INC.          /  
16,475,000000447058,0,000008292048980,20057622,AMY STANFORD                  /  
16,475,000000029004,0,000007854918770,20057672,CLAIRE MCCREA                 /  
16,475,000000103465,0,000008292003664,20057675,FRANZ MOORE                   /  
16,475,000000046443,0,000000554288944,20057676,HELEN MUNOZ                   /  
16,475,000000032699,0,000006092871804,20057748,AMY CAMPBELL                  /  
16,475,000000251608,0,000006092871803,20057749,AMY CAMPBELL                  /  
16,475,000000200330,0,000000554753148,20057757,CUBIE D KING                  /  
16,475,000000014748,0,000008292010649,20057760,IMOGEN LLOYD WEBBER           /  
16,475,000000073080,0,000006092667178,20057776,CHARLES DOAN                  /  
16,475,000000281582,0,000006092672243,20057844,ELEVEN33 ENTERTAINMENT INC.   /  
16,475,000000231024,0,000006092890795,20057855,VINCE CANLAS                  /  
16,475,000000313800,0,000006092475312,20057865,SAM LOOC                      /  
16,475,000000284624,0,000000554319653,20057880,MATT CASCELLA                 /  
16,475,000000506324,0,000008292045315,20057895,VANESSA P. PUMO               /  
16,475,000000028704,0,000007854843189,20057936,SHARI NUNEZ                   /  
16,475,000001043894,0,000004192004592,20057937,87 YEARS, INC.                /  
16,475,000000530719,0,000000652807647,20057939,CHRIS HAYDEN                  /  
16,475,000000144622,0,000005992358872,20057956,CHRISTOPHER L WALTERS FILM VID/  
16,475,000000076671,0,000006092472387,20057960,MICHAEL JONES                 /  
16,475,000000083819,0,000006092479595,20057966,OFELYA HARUTYUNYAN            /  
16,475,000000167748,0,000006092479596,20057967,OFELYA HARUTYUNYAN            /  
16,475,000000025000,0,000006092021315,20057970,FRANGIPANI PRODUCTIONS INC    /  
16,475,000000014648,0,000005992295020,20058000,JAMES BLAKE CARRINGTON        /  
16,475,000000013047,0,000006092713126,20058005,AMY K EVANS                   /  
16,475,000000013509,0,000008292064270,20058011,JOHN DELTON HILL              /  
16,475,000000013041,0,000000652761978,20058014,JEANETTE B JOSUE              /  
16,475,000000013041,0,000008292013219,20058016,LAURENCE R KARAS              /  
16,475,000000014344,0,000008292003796,20058019,EUGENE LIN                    /  
16,475,000000016867,0,000008292059979,20058028,JOHN JAMES RODGERSON          /  
16,475,000000014043,0,000005992295017,20058047,JAMES BLAKE CARRINGTON        /  
16,475,000000012569,0,000006092713125,20058052,AMY K EVANS                   /  
16,475,000000013521,0,000000554651098,20058055,CONNOR J FLYNNE               /  
16,475,000000014197,0,000008292064261,20058058,JOHN DELTON HILL              /  
16,475,000000013676,0,000000652761976,20058062,JEANETTE B JOSUE              /  
16,475,000000013676,0,000008292013220,20058063,LAURENCE R KARAS              /  
16,475,000000013047,0,000008292060363,20058064,NICOLE KEMPSKIE               /  
16,475,000000013804,0,000008292003797,20058068,EUGENE LIN                    /  
16,475,000000013891,0,000008292003413,20058077,KATHERINE REARDON             /  
16,475,000000016927,0,000008292059980,20058078,JOHN JAMES RODGERSON          /  
16,475,000000014051,0,000008292007656,20058079,ALEXANDRA ROSARIO             /  
16,475,000000016568,0,000008292064258,20058087,JOHN DELTON HILL              /  
16,475,000000018751,0,000008292026427,20058094,RODNEY FEASTER                /  
16,475,000000015559,0,000000554834789,20058098,JEANNINE DHARICE JOHNSON      /  
16,475,000000019288,0,000008292009421,20058100,ANDREW LERNER                 /  
16,475,000000015560,0,000006092556683,20058106,PHILIP MICHAEL SMREK          /  
16,475,000000016673,0,000008292048013,20058111,CHARLES M YOUNG               /  
16,475,000000013436,0,000006092713124,20058130,AMY K EVANS                   /  
16,475,000000013828,0,000006092459659,20058140,GRACIELA MARYBELL ORTIZ       /  
16,475,000000015684,0,000006092313950,20058142,RULA SOTIROPOULOS             /  
16,475,000000014296,0,000006092026336,20058143,JAY SUNDELL                   /  
16,475,000000014634,0,000008292026695,20058155,ADAM VON ALMEN                /  
16,475,000000013569,0,000008292064253,20058162,JOHN DELTON HILL              /  
16,475,000000013101,0,000000652761977,20058165,JEANETTE B JOSUE              /  
16,475,000000013101,0,000008292013218,20058167,LAURENCE R KARAS              /  
16,475,000000010635,0,000006092291570,20058182,DENNIS ALVES                  /  
16,475,000000010635,0,000003754492901,20058186,BENJAMIN J CHODAN             /  
16,475,000000011542,0,000006092772855,20058192,RICHARD DUBIN                 /  
16,475,000000010928,0,000006092556724,20058200,YELENA LOBACHEVA              /  
16,475,000000011099,0,000006092471728,20058202,OLGA MOORE                    /  
16,475,000000010868,0,000000554753199,20058203,MARIANA PEIKRISHVILI          /  
16,475,000000024275,0,000008292080275,20058232,PAOLO A GILARDI               /  
16,475,000000019552,0,000000554834790,20058233,JEANNINE DHARICE JOHNSON      /  
16,475,000000020729,0,000006092472324,20058234,CLAUDE JAY JONES              /  
16,475,000000020972,0,000006092647077,20058239,WILLIAM JOHN MCCARTY          /  
16,475,000000020845,0,000000554664120,20058242,CARICIA ROSANNA RAMIREZ       /  
16,475,000000013591,0,000000654111234,20058244,ALMA RUBENSTEIN               /  
16,475,000000012470,0,000008292013594,20058258,KEVIN W BARKSDALE             /  
16,475,000000011159,0,000006092471727,20058272,OLGA MOORE                    /  
16,475,000000013741,0,000006092477329,20058297,HELEN FRANCO GONZALEZ         /  
16,475,000000013230,0,000005992057768,20058303,JAMEELAH MICHL                /  
16,475,000000012662,0,000006092476137,20058307,DARIO SANCHEZ                 /  
16,475,000000017634,0,000003654657196,20058308,ALEX SANON                    /  
16,475,000000019372,0,000007954028299,20058309,LORENA SANTANA                /  
16,475,000000013526,0,000008292048549,20058311,MICHAEL SIMARI                /  
16,475,000000016021,0,000006092672249,20058329,ALFIE ANGELO DEL MUNDO SUPAN  /  
16,475,000000019175,0,000008292059974,20058337,DELANG LII                    /  
16,475,000000029493,0,000006092024721,20058341,ANTHONY MAZZA                 /  
16,475,000000013052,0,000006092477780,20058344,MIGUEL ANDRES MIRANDA ROJAS   /  
16,475,000000018935,0,000007854849190,20058350,DAVID SHEEHE                  /  
16,475,000000015886,0,000006092471841,20058357,LAURIE YU                     /  
16,475,000000010868,0,000006092908885,20058360,MEGAN E BARKETT               /  
16,475,000000011268,0,000003754501581,20058386,JOEL A BECERRA                /  
16,475,000000010868,0,000003654562323,20058398,DANIEL DACOSTA                /  
16,475,000000011051,0,000006092557070,20058403,HUGDY DOLCE                   /  
16,475,000000011111,0,000006092769123,20058404,CHRISTINA DUCHATELIER         /  
16,475,000000013841,0,000006092235973,20058420,TESSA RENNE JOHN-CONNOR       /  
16,475,000000006840,0,000006092479600,20058435,MYRDDHIN MCLEAN               /  
16,475,000000013927,0,000006092368777,20058437,MIRIAM MESSER                 /  
16,475,000000011051,0,000006092886112,20058443,ADELAIDA NUNEZ                /  
16,475,000000010635,0,000006092459881,20058447,JAMES PONSONBY                /  
16,475,000000031073,0,000003754397524,20058482,TROY J BENJAMIN               /  
16,475,000000026561,0,000008292075770,20058483,CALEB BENTKE                  /  
16,475,000000065468,0,000004192197362,20058545,TIFFANY HALLETT               /  
16,475,000000007000,0,000008292064358,20058577,MAGNOLIA LOWE                 /  
16,475,000000128278,0,000003654452206,20058578,MAGNOLIA LOWE                 /  
16,475,000000060506,0,000000554436304,20058657,MASON STENDER                 /  
16,475,000000071959,0,000000554911994,20058693,MANUEL AYALA                  /  
16,475,000000089366,0,000008292031762,20058701,DANIEL K. KIM                 /  
16,475,000000297178,0,000008292033709,20058703,DANIEL K. KIM                 /  
16,475,000000179454,0,000006092858844,20058709,KIRA E VISSER                 /  
16,475,000000188788,0,000008292022345,20058711,CLARA WONG                    /  
16,475,000000055481,0,000006092707710,20058730,JOHN FORCUCCI                 /  
16,475,000000605900,0,000004192001301,20058796,27 BLACKBIRDS                 /  
16,475,000005750000,0,000004192000242,20058797,AMOORE, INC                   /  
16,475,000000118305,0,000004192000241,20058799,CAROLINE KAPLAN, INC.         /  
16,475,000000236600,0,000005992932335,20058800,CDA ENTERPRISES INC           /  
16,475,000008000000,0,000004192003046,20058803,MAHOGANYBEE PRODUCTIONS, INC. /  
16,475,000000132233,0,000004192003723,20058808,TIBOR FELDMAN                 /  
16,475,000000139927,0,000004192003075,20058814,MAGGIE LACEY                  /  
16,475,000000082619,0,000008292061065,20058816,SIPIWE MOYO                   /  
16,475,000000106172,0,000003654719844,20058818,SHIRLEY ROECA                 /  
16,475,000000307282,0,000004192003722,20058819,REEMA SAMPAT                  /  
16,475,000000196889,0,000004192003721,20058822,ALEXANDER WRAITH              /  
16,475,000001494382,0,000004192004662,20058823,INDIAN RELAY FILMS, INC       /  
16,475,000001494382,0,000004192004661,20058824,INDIAN RELAY FILMS, INC       /  
16,475,000001494382,0,000004192004660,20058825,INDIAN RELAY FILMS, INC       /  
16,475,000000896629,0,000004192004659,20058826,INDIAN RELAY FILMS, INC       /  
16,475,000000138000,0,000004192004658,20058827,INDIAN RELAY FILMS, INC       /  
16,475,000000345033,0,000004192004945,20058828,ALEX S. PILLAI                /  
16,475,000000770956,0,000004192004946,20058829,ALEX S. PILLAI                /  
16,475,000000490864,0,000004192004947,20058830,ALEX S. PILLAI                /  
16,475,000000770791,0,000004192004948,20058831,ALEX S. PILLAI                /  
16,475,000000345093,0,000004192004949,20058832,ALEX S. PILLAI                /  
16,475,000000150000,0,000004192004950,20058833,ALEX S. PILLAI                /  
16,475,000006000000,0,000004192003073,20058837,CAREW PRODUCTIONS, INC.       /  
16,475,000013500000,0,000004192004720,20058849,TAINTED ANGEL INC             /  
16,475,000000724738,0,000004192003858,20058859,LAUREN PATTEN                 /  
16,475,000000026345,0,000006092871121,20058981,TIMUR GAVRILENKO              /  
16,475,000000089482,0,000008292064221,20059028,JUSTIN OTT                    /  
16,475,000000044633,0,000006092599643,20059034,MILEYVA ORTIZ                 /  
16,475,000000171154,0,000008292196335,20059073,JENNIFER RETTIG               /  
16,475,000000296513,0,000004192003235,20059162,CHRIS ROWE                    /  
16,475,000000046472,0,000007954105952,20059341,CHRISTINE RYAN                /  
16,475,000000313412,0,000008292051984,20059351,ESSIE CHA                     /  
16,475,000000243703,0,000003754372059,20059387,SHARI LEE SWEET               /  
16,475,000000028458,0,000007952464189,20059393,AUSTIN FRANCO                 /  
16,475,000000346500,0,000006092931140,20059421,DOVIAT ENTERPRISES, INC.      /  
16,475,000000346500,0,000006092931141,20059422,DOVIAT ENTERPRISES, INC.      /  
16,475,000000043049,0,000006092019891,20059428,ERIC RITTER                   /  
16,475,000000400900,0,000004192004466,20059439,WANDER WAY, INC.              /  
16,475,000000118035,0,000006092472050,20059443,THEODORE C. FELDMAN           /  
16,475,000000086628,0,000007954442078,20059456,MICHELE HABERMAN              /  
16,475,000000047356,0,000006092087781,20059458,NIGEL KIM                     /  
16,475,000000117604,0,000006092779151,20059495,JAMES KELLEY                  /  
16,475,000000076616,0,000003754286245,20059497,DAVID MOFFIT                  /  
16,475,000000013387,0,000006092714435,20059551,FLOYD EPPS JR.                /  
16,475,000000012936,0,000006092672234,20059565,CASSANDRA PALACIO             /  
16,475,000000014450,0,000006092742181,20059570,REBECCA A THOMAS              /  
16,475,000000015960,0,000008292046815,20059572,RONALD A WHITE                /  
16,475,000000024652,0,000006092020335,20059582,CHRIS HAYES                   /  
16,475,000000019391,0,000006092664557,20059593,ANTHONY VENTOLA               /  
16,475,000000013944,0,000008292057243,20059597,NICHOLAS P JULIUS             /  
16,475,000000011742,0,000006092875145,20059603,GLENN PATRICK K AKIONA JR     /  
16,475,000000015261,0,000008292071599,20059609,ANNALISA KLEBERS              /  
16,475,000000011665,0,000008292067659,20059622,NIKHIL S JOGLEKAR             /  
16,475,000000013402,0,000008292071597,20059623,ANNALISA KLEBERS              /  
16,475,000000011666,0,000006092459660,20059624,MICHAEL J MCGRORY             /  
16,475,000000019768,0,000006092475320,20059633,ALVIN ALEXIS                  /  
16,475,000000021175,0,000006092766426,20059639,GIUSEPPE DESIDERIO            /  
16,475,000000021451,0,000008292024275,20059647,JEFFREY R LERMAN              /  
16,475,000000019866,0,000008292078155,20059655,ANTHONY JOHN RUMORE           /  
16,475,000000010635,0,000008292049656,20059663,SHEA FUREY-KING               /  
16,475,000000010635,0,000006092797145,20059671,DARIAN A PEER                 /  
16,475,000000018449,0,000006092713098,20059678,NICOLE C CORRIS               /  
16,475,000000016840,0,000006092713061,20059682,KEVIN BRYANT ROSE             /  
16,475,000000015528,0,000006092557051,20059683,DAVID SHEEHE                  /  
16,475,000000014711,0,000000554370913,20059684,CHRISTOPHER M STOKES          /  
16,475,000000017939,0,000005992295427,20059693,SREEDEVI SWAMINATHAN          /  
16,475,000000024363,0,000008292003799,20059706,KAMA L LINDEN                 /  
16,475,000000027981,0,000008292072788,20059711,LOUISE YANOFSKY               /  
16,475,000000058413,0,000008292400839,20059779,REID ZARKER                   /  
16,475,000000834995,0,000006092295910,20059780,DEVYN PRODUCTIONS, INC        /  
16,475,000000603285,0,000004192004435,20059784,IVAN J. FONSECA               /  
16,475,000000058404,0,000006092871035,20059849,AETAE RILEY                   /  
16,475,000000298769,0,000008292050181,20059860,ANNA CHAI                     /  
16,475,000000155197,0,000006092652986,20059945,TIMOTHY HABER                 /  
16,475,000000186237,0,000006092652985,20059946,TIMOTHY HABER                 /  
16,475,000000241183,0,000007854960655,20059956,ANNA BOWERS                   /  
16,475,000000266215,0,000005992931578,20059985,RYAN COOK                     /  
16,475,000000045776,0,000006092704082,20060005,DEBORAH NEWHALL               /  
16,475,000000113633,0,000000652404527,20060014,DAVID E. ADKINS               /  
16,475,000000545426,0,000004192003330,20060022,KEITH P. CUNNINGHAM           /  
16,475,000000061866,0,000000554723861,20060037,ROGER MARBURY                 /  
16,475,000000084200,0,000006092472209,20060062,DAVID FLANIGAN                /  
16,475,000000032532,0,000006092459895,20060063,JOHN A GRANT                  /  
16,475,000000066403,0,000006092215212,20060067,SCOTT H. MILLER               /  
16,475,000000493560,0,000006092931154,20060076,NEXT TIME BOLIVIA, LLC        /  
16,475,000000126988,0,000008292008739,20060087,ZACHARIAH BRIGGS              /  
16,475,000000082021,0,000006092077675,20060109,JOHN MASKEW                   /  
16,475,000000034208,0,000007954414012,20060133,DONNY FOWLER                  /  
16,475,000000140500,0,000004192004468,20060160,FANTASTIC WOW, INC.           /  
16,475,000000221320,0,000008292034379,20060161,GENTLEMAN STUNT INC.          /  
16,475,000000958500,0,000004192003426,20060166,OXYMORONIC INDUSTRIES INC     /  
16,475,000000486040,0,000006092477056,20060168,SIMMONS ENTERTAINMENT CORP    /  
16,475,000000105750,0,000004192002617,20060169,SWEETEST PIG PRODUCTIONS      /  
16,475,000000040000,0,000004192002616,20060170,SWEETEST PIG PRODUCTIONS      /  
16,475,000000085913,0,000004192003847,20060172,JULIA ATWOOD                  /  
16,475,000000098368,0,000004192000237,20060173,CECIL BLUTCHER                /  
16,475,000000011933,0,000004192000238,20060174,CECIL BLUTCHER                /  
16,475,000000129583,0,000006092004089,20060178,ARNOLD BURTON                 /  
16,475,000000168110,0,000003654784412,20060180,GENE HARRISON                 /  
16,475,000000165997,0,000006092474916,20060187,SAMANTHA MACIVOR              /  
16,475,000000400000,0,000008292045043,20060197,FLIP BOOK, INC.               /  
16,475,000000111612,0,000006092875206,20060201,ANTHONY YOUNG                 /  
16,475,000000127627,0,000005992057921,20060216,JEREMIAH J SHUFF              /  
16,475,000000129854,0,000006092003926,20060221,KIMBERLY DIRECTOR             /  
16,475,000000263676,0,000006092236204,20060268,JOHN MCCARTHY                 /  
16,475,000000321022,0,000007954134576,20060271,ARIAN KYO MOON                /  
16,475,000000127114,0,000006092575425,20060282,PETER CURTIS                  /  
16,475,000000052276,0,000005992933277,20060287,NICK MONTALBANO               /  
16,475,000000047681,0,000006092024231,20060293,TSIGIE WHITE                  /  
16,475,000000062852,0,000007954073232,20060297,JOSEPHINE WHEELWRIGHT         /  
16,475,000000076799,0,000007954073300,20060298,JOSEPHINE WHEELWRIGHT         /  
16,475,000000187140,0,000006092024050,20060315,ADAM BELLAO                   /  
16,475,000000174533,0,000006092176244,20060318,ROBIN CHALFIN                 /  
16,475,000000148566,0,000000654002607,20060335,TIMOTHY ROWCROFT              /  
16,475,000000235678,0,000003654995133,20060337,JOHN RUGGIERI                 /  
16,475,000000109946,0,000007954213872,20060345,ASHLEY SYKES                  /  
16,475,000000089864,0,000008292057704,20060366,THE SCHARPF ENTERTAINMENT GROU/  
16,475,000003760000,0,000004192004725,20060367,YOYO PRODUCTIONS              /  
16,475,000003760000,0,000004192004726,20060368,YOYO PRODUCTIONS              /  
16,475,000000071524,0,000007954129612,20060386,SIERRA SAWAYA                 /  
16,475,000000078518,0,000007954260923,20060388,TOMMIE MACK TURVEY II         /  
16,475,000000115093,0,000007954393628,20060391,BRIDGET GREENE                /  
16,475,000003412500,0,000004192003074,20060400,2A FINE POINT INC             /  
16,475,000003675000,0,000004192000235,20060402,BUTTERFIELD BLONDE,INC.       /  
16,475,000007875000,0,000004192004477,20060403,CHI TOWN ENTERTAINMENT INC    /  
16,475,000000298290,0,000005992057861,20060405,FEARLESS INC.                 /  
16,475,000000053645,0,000008292075712,20060427,JENNIFER BELIARD              /  
16,475,000000102688,0,000008292075711,20060428,JENNIFER BELIARD              /  
16,475,000000078133,0,000007954081816,20060437,NELSON DIAZ                   /  
16,475,000000117965,0,000006092482916,20060441,JOHN EVANGELISTA              /  
16,475,000000024870,0,000006092482915,20060442,JOHN EVANGELISTA              /  
16,475,000000060505,0,000008292076907,20060448,PHILLIP HYSMITH               /  
16,475,000000078171,0,000008292005870,20060459,DAVID SCHOICHET               /  
16,475,000000095342,0,000000554963770,20060461,ADELIA SHIFFRAW               /  
16,475,000000062440,0,000000554963771,20060462,ADELIA SHIFFRAW               /  
16,475,000000061664,0,000000652701274,20060467,MAX B. YOUNG                  /  
16,475,000000014651,0,000005992814740,20060629,ANASTASIIA LUKAVSKA           /  
16,475,000000020740,0,000006092713092,20060635,NICOLE C CORRIS               /  
16,475,000000014711,0,000000554370914,20060639,CHRISTOPHER M STOKES          /  
16,475,000000002032,0,000006092178858,20060650,STEVEN F DAVIS                /  
16,475,000000001849,0,000006092302087,20060652,STEVEN GOLDBERG               /  
16,475,000000001825,0,000008292321674,20060658,BRIAN VAN ALSTYNE             /  
16,475,000000002032,0,000006092653172,20060666,DAVIDSON CALFEE               /  
16,475,000000001927,0,000006092661113,20060667,TIMOTHY R CANADY              /  
16,475,000000002032,0,000007854993425,20060672,WINNIE L PHUNG                /  
16,475,000000001849,0,000006092180284,20060673,ANNE B REARDON                /  
16,475,000000001849,0,000007854890380,20060676,LINDA SON                     /  
16,475,000000002032,0,000006092707735,20060677,MATTHEW C WONG                /  
16,475,000000013418,0,000006092653171,20060681,DAVIDSON CALFEE               /  
16,475,000000011103,0,000006092661112,20060682,TIMOTHY R CANADY              /  
16,475,000000012771,0,000007854993327,20060699,WINNIE L PHUNG                /  
16,475,000000071448,0,000006092774209,20060708,KATHERINE L DOLAN             /  
16,475,000000516180,0,000008292189823,20060945,AMALGAM FILMS, INC.           /  
16,475,000000065161,0,000008292012528,20060968,JESSICA GARDNER               /  
16,475,000000045062,0,000003754752425,20060995,JACQUELINE SILVA              /  
16,475,000000432131,0,000008292057642,20061008,GREENBOXCAR,INC.              /  
16,475,000000432131,0,000008292057641,20061009,GREENBOXCAR,INC.              /  
16,475,000000066071,0,000006092471955,20061015,ALEXANDRA LEE                 /  
16,475,000000066132,0,000006092471954,20061016,ALEXANDRA LEE                 /  
16,475,000000383924,0,000006092678088,20061166,ARTHUR L WILLIAMS JR          /  
16,475,000000138214,0,000008292199236,20061175,IAN BUCKWALTER                /  
16,475,000003000000,0,000004192005003,20061400,FOX PAW, INC.                 /  
16,475,000000179550,0,000004192002013,20061401,RIVERBOAT PRODUCTIONS         /  
16,475,000000031341,0,000006092767240,20061445,SCOTT DILL                    /  
16,475,000000399828,0,000006092700012,20061679,ANDREW WHEELER                /  
16,475,000000217495,0,000000654419924,20061682,LAURA B. GIBSON               /  
16,475,000000093851,0,000006092547098,20061683,THOMAS REEDER                 /  
16,475,000000005000,0,000006092547099,20061684,THOMAS REEDER                 /  
16,475,000000030764,0,000008292056211,20061859,SETH BIRKAN                   /  
16,475,000000184160,0,000005992348373,20061874,SEAN M. LOVE                  /  
16,475,000000122392,0,000008292031718,20061875,JESSICA MAYFIELD              /  
16,475,000000134970,0,000006092605563,20061894,KYLE BRODER                   /  
16,475,000000183553,0,000006092658572,20061895,ALICIA IVERY                  /  
16,475,000000040177,0,000007954264648,20062008,COLLEEN MCQUAID               /  
16,475,000000079010,0,000007954153456,20062009,COLLEEN MCQUAID               /  
16,475,000000034947,0,000007954274287,20062010,COLLEEN MCQUAID               /  
16,475,000000291505,0,000006092667170,20062282,AIDAN SLEEPER                 /  
16,475,000000069577,0,000006092235965,20062411,CHARLES JEFFREYS              /  
16,475,000000226976,0,000003754494306,20062461,ROBERT D. MASUCCI             /  
16,475,000000111837,0,000006092875212,20062464,ANTHONY YOUNG                 /  
16,475,000000069582,0,000006794682704,20062491,KELSEY COMEAU                 /  
16,475,000000082173,0,000006092236003,20062498,JARED LEVIN                   /  
16,475,000000075419,0,000008292024574,20062506,OLIVIA REED                   /  
16,475,000000078142,0,000006092751887,20062508,CALEB JORDAN SMITH            /  
16,475,000000076606,0,000006092021231,20062605,BRANDON FIRST                 /  
16,475,000000056588,0,000008292014790,20062616,ALEXANDER RIGGS               /  
16,475,000000172175,0,000006092324020,20062717,JULIE ROBINSON-LYMAN          /  
16,475,000000059883,0,000006092324021,20062718,JULIE ROBINSON-LYMAN          /  
16,475,000000043050,0,000006092324022,20062719,JULIE ROBINSON-LYMAN          /  
16,475,000000117682,0,000006092324023,20062720,JULIE ROBINSON-LYMAN          /  
16,475,000000177053,0,000000554963285,20062732,JARED KANER                   /  
16,475,000000064279,0,000008292067849,20062775,LOGAN WASLEY                  /  
16,475,000000101876,0,000006092683258,20062918,RON DEGUZMAN                  /  
16,475,000000161686,0,000000654024144,20062919,AMY GREEN                     /  
16,475,000000077956,0,000008292188765,20062990,NYDIA BYRD                    /  
16,475,000000532095,0,000003754557858,20063017,VANDIT BHATT                  /  
16,475,000000174205,0,000007954360211,20063038,SALLY DOUGLASS                /  
16,475,000000064341,0,000008292067850,20063337,SANTIAGO GOMEZ                /  
16,475,000000096508,0,000008292397481,20063929,JAMES LEMBO                   /  
16,475,000000045165,0,000008292399711,20063930,JAMES LEMBO                   /  
16,475,000000127893,0,000008292397513,20063931,JAMES LEMBO                   /  
16,475,000000089780,0,000008292399676,20063932,JAMES LEMBO                   /  
16,475,000000099739,0,000008292034828,20063949,ROCCO J OTTOMANELLI           /  
16,475,000000046848,0,000008292034708,20063950,ROCCO J OTTOMANELLI           /  
16,475,000000119285,0,000008292034723,20063951,ROCCO J OTTOMANELLI           /  
16,475,000000093150,0,000008292034840,20063952,ROCCO J OTTOMANELLI           /  
16,475,000000073028,0,000008292048059,20064008,SEAN RAPPLEYEA                /  
16,475,000000119397,0,000007854866782,20064012,BRIAN DELUCA                  /  
16,475,000000114203,0,000007854866256,20064013,ATIYAH PORTWICK               /  
16,475,000000074826,0,000007954325012,20064014,ATIYAH PORTWICK               /  
16,475,000000339783,0,000007854879839,20064015,ROBIN REITMAN                 /  
16,475,000000206770,0,000007854855950,20064016,TALLYN SCIOLI                 /  
16,475,000000090731,0,000008292067848,20064062,LOGAN WASLEY                  /  
16,475,000000151400,0,000006092471585,20064162,FABIO ASSALONE                /  
16,475,000000102892,0,000006092021252,20064164,ADAM CHORDOCK                 /  
16,475,000000075363,0,000007954179485,20064165,GABRIELA ESCALANTE            /  
16,475,000000201991,0,000008292078214,20064167,DANIEL SHEPHERD               /  
16,475,000000206135,0,000008292078123,20064169,ALBERT VALERA                 /  
16,475,000000106120,0,000006092774189,20064265,GREGORY MERKEL                /  
16,475,000000100648,0,000008292395759,20064266,KAREEM O'NEILL                /  
16,475,000000194225,0,000008292039106,20064467,LISA COSSROW                  /  
16,475,000000159207,0,000000652519497,20064469,HAYDEN DUNHAM                 /  
16,475,000000170810,0,000006092004591,20064474,TODD JUDSON                   /  
16,475,000000099623,0,000000652519265,20064482,GEORGE EVERETT PARKS          /  
16,475,000000081799,0,000008292006058,20064583,BEATRIZ MENDIOLA              /  
16,475,000000138243,0,000008292031060,20064592,EILEEN S RYCKMAN              /  
16,475,000000239700,0,000006092798582,20064593,KELLY STULTZ                  /  
16,475,000000163741,0,000007954217615,20064629,JAMES BOZER                   /  
16,475,000000108101,0,000008292024446,20064642,CATHERINE EKLUND              /  
16,475,000000108012,0,000007954128460,20064657,JEANNETTE JOOS                /  
16,475,000000066775,0,000006092482482,20064671,STEVEN MARTINEZ               /  
16,475,000000272844,0,000006092003890,20064682,SARAH RUBENSTEIN              /  
16,475,000000164864,0,000006794640498,20064702,JOHN L. VENNEMA               /  
16,475,000000298368,0,000007954213200,20064961,JOSEPH A. BUDA JR.            /  
16,475,000000096836,0,000008292002236,20064999,KELLYANN PALMA JACKSON        /  
16,475,000000112839,0,000005992800684,20065014,IAN MESA-JONASSEN             /  
16,475,000000154387,0,000007854971463,20065025,ABIGAIL ORLANDO               /  
16,475,000000178383,0,000007954215494,20065207,DEVIN ERSHOW                  /  
16,475,000000063992,0,000006092841084,20065228,ARIANA HEWITT                 /  
16,475,000000068913,0,000000554978819,20065986,MICAH CYRUS                   /  
16,475,000000072548,0,000007954246773,20066369,NATALIE FERNANDEZ             /  
16,475,000000064702,0,000008292191205,20066372,DILLON SCOTT GREEN            /  
16,475,000000430412,0,000007952417635,20066376,GREG HIGHSMITH                /  
16,475,000000126196,0,000008292011329,20066387,KIMBERLY SHAVON SMITH         /  
16,475,000000101259,0,000006092667147,20066407,CHRISTINE A GUCKERT           /  
16,475,000000083608,0,000006092667148,20066408,CHRISTINE A GUCKERT           /  
16,475,000000073406,0,000006092021336,20066545,ANDREW GIACALONE              /  
16,475,000000093551,0,000008292031663,20066641,ANTONIO BETULIA               /  
16,475,000000051597,0,000008292031698,20066642,ANTONIO BETULIA               /  
16,475,000000108037,0,000008292031674,20066643,ANTONIO BETULIA               /  
16,475,000000166938,0,000008292020216,20067114,JOHNATHAN BOWLING             /  
16,475,000000072236,0,000007954213122,20067126,KIM VANDENBERG                /  
16,475,000000074962,0,000005992889098,20067127,ANDREW WAGNER                 /  
16,475,000000090556,0,000006092236156,20068505,ANN SGRIGNOLI                 /  
16,475,000000177609,0,000006092236170,20068647,LAUREN BUTLER-DOUGHERTY       /  
16,475,000000164222,0,000006092307788,20070286,TAMMI HAYNES                  /  
49,00000000317261524,0001284/                                                   
98,00000000317261524,0000001,0001286/                                           
99,00000000317261524,00001,0001288/                                             
